3009 4725
573 411 757 475 TlBULLl.
1113 444 1173 487 χχ,

223 582 424 649 insecundo
443 584 529 647 libro
550 555 643 646 aliam
665 592 800 646 amatam
816 585 932 650 Tibulli
954 594 1168 672 cognoscimus

149 697 308 778 Nemesim,
328 710 463 781 praeter
486 717 579 783 quam
600 719 673 760 cum
692 699 841 762 Horatius
866 698 917 763 od.
934 703 958 781 Ι,
975 710 1025 767 33.
1068 711 1167 791 61700.

147 832 209 873 roos
222 825 386 893 memoret,
405 814 546 895 primum
562 809 601 872 de
616 812 676 874 hae
691 809 862 875 rideamus.
904 814 991 877 Dicit
1002 817 1165 885 Horatius:

401 928 486 1006 Albi,
507 948 549 989 ne
571 925 675 989 doleas
695 927 769 1010 plus
791 928 900 1012 nimio,
919 950 1039 995 memor

403 1045 537 1108 Immitis
558 1045 718 1128 Glycerae,
738 1064 801 1105 neu
822 1045 1014 1109 miserabiles

402 1159 562 1222 Decentes
583 1160 693 1240 elegos,
714 1181 772 1222 cur
792 1161 851 1224 tibi
870 1163 977 1227 iunior

576 1270 677 1336 Laesa
695 1272 868 1354 praeniteat
888 1274 959 1339 lide.

231 1386 338 1452 Fuisse
364 1387 533 1472 Glyceram
557 1385 689 1452 eandem
715 1408 787 1452 cum
809 1390 903 1454 Delia
924 1404 954 1454 et
974 1391 1164 1456 miserabiles

153 1501 248 1582 elegos
268 1504 387 1566 librum
406 1507 534 1566 tertium
557 1502 718 1585 Spohnius
743 1503 902 1565 uberrime
921 1501 1165 1584 demonstratum

151 1612 220 1690 ivit,
245 1615 300 1678 sed
328 1617 456 1680 bosna.
504 1615 581 1679 Non
606 1615 733 1677 immitis
762 1628 829 1678 erat
855 1616 949 1681 Delia
973 1639 1076 1702 neque
1104 1620 1166 1682 hoc

153 1744 267 1788 nomen
292 1730 361 1791 ullo
389 1729 485 1793 modo
511 1732 546 1792 in
575 1751 645 1793 eam
673 1729 821 1814 quudnt3
855 1751 912 1794 nec
942 1732 1029 1817 quod
1059 1734 1166 1797 iunior

93 1859 97 1864 ⁴
156 1846 328 1920 praeniteat
354 1848 494 1926 querimr
521 1847 554 1907 in
584 1843 772 1910 carminibus
806 1844 845 1908 atl
868 1847 993 1911 Deliam
1013 1850 1166 1927 Tibullus,

153 1954 209 2017 sed
236 1954 327 2039 qood
355 1954 460 2019 ditior.
511 1957 604 2020 Liber
628 1955 738 2023 tertius
766 1979 844 2023 vero
875 1943 1043 2022 certissime
1071 1960 1166 2021 elium

151 2086 309 2136 auctorem
333 2074 438 2136 habet.
489 2071 590 2150 Quare
618 2077 712 2136 etiam
739 2072 931 2135 miserabiles
957 2074 1035 2134 istos
1065 2073 1167 2151 elegos

149 2189 191 2250 sic
215 2190 269 2252 hie
294 2209 362 2252 non
390 2190 536 2273 reperias.
586 2191 713 2254 Monuit
740 2191 818 2251 haee
846 2189 910 2250 iam
936 2185 1102 2250 Passovius
1130 2188 1166 2246 in

149 2305 294 2371 Sebodii
316 2307 442 2371 Horreo
461 2307 571 2390 philol.
594 2321 626 2370 et
649 2305 778 2390 paedag.
809 2326 882 2369 ann.
910 2312 1004 2368 1825.
1031 2305 1104 2368 fest.
1126 2304 1166 2382 ll,

149 2442 180 2501 p.
199 2427 259 2482 189
283 2442 352 2505 sqq.
379 2422 436 2484 ubi
461 2436 571 2486 contre
599 2445 669 2486 eom
697 2423 880 2487 sententiam
909 2418 1090 2484 omnimodo
1110 2421 1165 2484 fir-

148 2558 233 2600 mare
256 2538 374 2616 studet,
402 2558 483 2622 quae
515 2540 591 2602 olim
620 2538 777 2620 scaligero
804 2540 979 2619 placuerat,
1006 2534 1164 2597 Nemesim

146 2651 242 2714 finisse
265 2650 438 2731 Glyceram.
479 2652 585 2734 Atque
607 2651 669 2713 hoc
690 2668 808 2713 nomen
829 2671 940 2715 verum
960 2648 1055 2711 fuisse
1075 2650 1163 2730 puel·

146 2766 205 2841 lae,
226 2764 362 2827 alterum
381 2762 483 2826 fictum
505 2775 537 2826 et
554 2764 721 2845 poeticum.
764 2760 829 2824 Sed
848 2762 975 2823 mimme
995 2763 1072 2823 milri
1092 2784 1186 2843 per-⁶

145 2879 248 2939 suasit
265 2878 427 2943 Passovius
446 2880 530 2940 hane
551 2883 751 2959 seutentiam
773 2878 850 2940 ferri
871 2875 965 2938 etiam
987 2878 1063 2937 haee
1084 2880 1165 2938 ratio
1269 2908 1274 2923 r

144 2993 267 3072 nequit.
308 2990 451 3053 Primum
472 2994 555 3054 euim
577 2992 664 3075 quod
686 2992 758 3056 duta
778 2988 876 3076 opere
897 2987 1039 3070 exponit,
1059 2988 1165 3049 fictum

144 3118 173 3169 et
194 3109 353 3187 poetieam
374 3128 490 3171 nomen
510 3108 645 3170 eundem
667 3130 847 3188 numerum,
871 3126 967 3193 quam
989 3122 1113 3179 verum,
1134 3112 1165 3164 et

142 3222 351 3302 quantitatem
371 3217 502 3282 eandem
522 3223 719 3303 syllabarum
738 3224 869 3300 babere,
894 3232 931 3282 ut
951 3208 1084 3282 alterum
1103 3235 1165 3298 pro

142 3335 249 3395 altero
266 3336 354 3397 selvo
376 3324 478 3398 melre
500 3334 647 3396 substitui
667 3335 781 3415 possit,
803 3352 949 3399 sereres
969 3353 1028 3414 per
1047 3352 1098 3409 se,
1125 3333 1165 3394 cf.

142 3450 241 3512 enam
251 3450 470 3513 Weielrertum
491 3452 527 3512 in
546 3450 671 3534 Reliqq.
686 3461 805 3532 poetar.
820 3449 960 3512 Latinor.
973 3450 1076 3530 p.4l2
1088 3466 1165 3530 sqq,

145 3562 200 3626 eetl
228 3566 307 3626 seire
336 3566 431 3647 cupio
462 3565 623 3649 quomodo
652 3568 685 3628 in
714 3567 766 3629 his
792 3565 981 3626 carminibus
1005 3566 1044 3643 ll,
1065 3567 1096 3639 4,
1114 3567 1167 3624 59.

145 3680 200 3741 ubi
220 3679 433 3743 nominativus
455 3680 607 3757 habetur,
629 3679 727 3761 possit
752 3672 875 3761 Glyconi
895 3698 960 3739 mea
981 3695 1041 3757 pro
1063 3674 1167 3738 Neme-

145 3796 187 3853 sis
211 3815 280 3857 mco
309 3812 371 3876 per
400 3804 537 3856 metrum
562 3767 717 3855 substitui.
771 3789 835 3854 ssd
862 3791 924 3852 hoc
951 3795 1166 3866 argumentum

144 3904 209 3986 ipse
230 3919 381 3971 evertam.
430 3904 555 3988 Nempe
578 3904 664 3989 quod
685 3923 752 3966 non
772 3905 892 3969 notarit
911 3899 1093 3975 Passoviue,
1116 3916 1168 3959 re·

145 4020 214 4097 gule
235 4021 300 4084 ista
321 4022 365 4083 sic
390 4033 476 4087 certa
496 4034 561 4099 est,
582 4035 617 4084 ot
637 4022 694 4106 qui
713 4022 817 4087 fiotum
838 4037 953 4083 nomen
973 4015 1115 4099 posuerit
1134 4016 1165 4075 io

147 4136 335 4200 carminibus
362 4138 436 4213 suis,
458 4136 525 4203 tale
536 4135 708 4206 censendus
732 4136 772 4203 sit
787 4136 913 4217 elegisse
938 4131 1022 4216 quod
1044 4132 1168 4214 quanti·
