3009 4725
317 326 378 383 336
551 317 903 388 conminuunt
924 325 1098 391 TIBULLI

318 512 344 561 p.
361 496 424 546 326.
442 521 478 533 -
498 494 721 560 aurataeque
740 496 868 549 trabes.
906 499 947 554 lie
966 499 1014 555 lrec
1031 503 1134 557 luxurie
1147 508 1248 561 multos
1264 509 1340 562 locos

316 596 425 662 collegit
443 595 573 647 Vnarrus.
617 596 663 647 Sic
687 611 712 650 r.
731 614 755 650 c.
778 598 961 654 Prornnrrus
987 602 1050 656 dicit
1073 604 1163 668 iliu„
1184 609 1231 657 lo:
1260 607 1342 675 Quod

317 713 371 746 seon
391 695 533 748 Taenariis
552 695 644 748 domus
662 707 703 749 est
724 697 789 749 miii
801 698 886 771 fulta
905 702 1043 768 columnis,
1061 705 1118 755 Nec
1136 721 1241 755 comem
1259 708 1340 771 (Pla-

316 794 393 863 iond)
420 805 538 849 auratos
563 797 635 849 inter
661 796 765 851 eburna
790 800 896 866 trabes,
927 811 956 856 et
977 804 1181 856 Srarrussils.
1200 803 1265 867 1‚n‚
1284 807 1337 855 etz

315 896 390 967 Quid
402 896 519 966 priunum
538 898 684 952 mediumve
701 918 812 958 cunam,
840 921 892 973 qno
909 901 971 967 fisse
994 899 1143 970 quiescam,
1172 898 1334 951 Auratasue

315 992 407 1047 trabes
430 1013 467 1064 qn
486 998 600 1050 Mauros
624 999 742 1070 undique
759 1008 850 1069 postes
876 995 983 1049 Mirer?
1018 996 1093 1051 Adde
1112 998 1333 1052 Bnouoaaunm

316 1102 344 1149 et
367 1094 400 1148 ad
426 1095 537 1151 Horis.
558 1098 593 1164 ΙΙ,
620 1103 661 1162 16,
690 1099 745 1152 init.
773 1098 963 1151 Toarsnrrtnr
990 1112 1049 1149 cum
1079 1097 1336 1153 Mrrscrrsnnrcrrro.

315 1200 353 1252 Ac
371 1213 422 1251 nou
441 1200 561 1250 tenuibus
579 1198 733 1264 bracteolis,
758 1197 805 1250 sed
829 1199 913 1252 solido
933 1214 999 1251 auro
1020 1198 1218 1252 conveniebant
1236 1201 1335 1266 trabes,

314 1308 344 1353 nt
364 1301 474 1364 ersrus
498 1299 531 1351 de
559 1298 669 1365 Magnit.
692 1299 773 1353 Rom.
791 1299 840 1365 lli,
858 1304 901 1353 14.
928 1298 1027 1353 docuit
1065 1298 1141 1353 Coni.
1160 1300 1239 1353 etiam
1257 1303 1335 1354 Vun-

314 1417 390 1454 rrurr.
409 1426 446 1442 -
468 1414 762 1466 marmoreumque
782 1401 908 1465 solum,
926 1399 1102 1469 pavimentum
1121 1407 1166 1454 eut
1183 1402 1335 1456 tesselatum

313 1514 361 1553 sen
385 1499 510 1551 musivum
535 1502 581 1550 aut
602 1497 757 1565 simpliciter
775 1513 792 1551 a
809 1512 938 1550 marmore
954 1497 1064 1551 iactum·
1105 1499 1226 1567 lieniqne
1243 1500 1276 1552 ad
1294 1506 1337 1553 to·

313 1606 368 1654 tum
386 1602 473 1653 locum
491 1599 623 1654 Hermus
641 1599 742 1652 confert
762 1600 891 1653 Annene.
909 1597 981 1652 Lnn.
1004 1597 1145 1653 Burmann.
1163 1599 1212 1665 ΙΙΙ,
1230 1616 1272 1669 ep.
1287 1608 1330 1654 lo.

314 1700 347 1752 T.
361 1700 382 1752 l.
402 1717 427 1767 p·
445 1703 513 1752 511:
532 1697 612 1768 Quod
628 1707 680 1748 tua
698 1695 770 1747 anille
787 1694 880 1748 domus
893 1694 996 1747 solidus
1012 1693 1094 1746 habet
1111 1695 1173 1747 alra
1191 1696 1335 1756 columnas,

315 1799 394 1866 (lnod
411 1811 461 1850 tua
480 1816 624 1851 marnsoreo
639 1797 725 1848 ianua
737 1807 815 1866 poste
829 1796 906 1856 nitet,
925 1797 1022 1850 Aureo
1041 1796 1114 1869 quod
1129 1816 1230 1851 sumnso
1247 1799 1337 1868 splen-

316 1903 379 1952 dent
402 1900 546 1971 luqneurr'a
570 1909 654 1953 tecto,
682 1899 770 1948 Imum
794 1908 889 1951 crustu
914 1899 983 1970 tegit
1010 1898 1082 1972 quod
1098 1899 1217 1969 pretiosa
1240 1900 1336 1955 solum.

315 2003 396 2058 Vides
422 2002 463 2055 bic
488 2009 518 2055 ut
543 2001 612 2069 apud
638 1999 803 2066 Lygdamum
831 2001 915 2067 primo
943 1998 1055 2054 disticho
1083 2008 1218 2055 extumum
1242 2002 1334 2056 iaciens

315 2104 450 2156 domorum
467 2102 589 2169 describi,
605 2101 719 2155 secundo
737 2116 805 2168 qnae
821 2101 891 2154 intus
906 2110 975 2156 sunt.
989 2129 1026 2143 -
1044 2103 1077 2157 V.
1094 2107 1129 2156 l't
1142 2121 1181 2171 sq.
1201 2103 1336 2159 Quidve

317 2206 349 2257 in
375 2201 571 2270 Erythraeo
589 2219 646 2271 sqq.
673 2203 742 2257 coni.
759 2204 793 2255 ad
811 2203 846 2267 ΙΙ,
865 2206 890 2267 4,
908 2205 953 2253 30.
971 2228 1007 2242 -
1034 2201 1192 2268 Sidonio,
1217 2207 1337 2270 correpta

316 2302 430 2356 secunde
448 2301 563 2369 syllaba,
587 2306 618 2352 ut
636 2301 719 2353 Vrec.
738 2301 803 2353 Aen.
821 2299 868 2365 lv,
888 2301 949 2350 lili.
985 2298 1037 2351 aiii
1061 2299 1214 2368 producunt
1254 2298 1337 2369 Tyrio

317 2401 415 2452 murice
432 2400 498 2453 dixit
516 2399 614 2454 Tibull.
633 2400 667 2466 ΙΙ,
686 2404 711 2462 4,
731 2403 777 2454 28.
793 2427 830 2440 -
859 2399 977 2467 Singulis
996 2401 1133 2468 explicetis
1151 2401 1184 2454 de
1202 2406 1257 2454 toto
1275 2401 1335 2454 loco

317 2500 355 2567 (v.
376 2502 497 2568 11-18.)
521 2501 628 2554 verbum
654 2501 730 2554 addo.
774 2500 840 2555 Cum
859 2501 1011 2568 Lygdamus
1029 2500 1173 2555 delectetur
1191 2496 1337 2553 huiuamodi
1402 2546 1405 2551 .

317 2601 411 2666 rebus,
436 2600 504 2654 bene
522 2600 734 2655 elaboratorum
758 2601 837 2653 etiam
855 2598 1160 2666 immundissima,
1185 2597 1338 2650 divisionem

317 2714 386 2753 nero
398 2706 481 2753 totam
499 2700 569 2768 qnod
588 2702 696 2766 attinet,
721 2701 842 2753 Tibullus
860 2701 968 2763 meliore
986 2700 1086 2755 ratione
1105 2704 1208 2755 inventa
1226 2699 1337 2752 dixisset

317 2803 410 2871 opinor
425 2804 535 2871 primum
552 2800 586 2852 de
602 2816 724 2866 agrorum
741 2802 914 2870 possessione,
933 2799 1026 2853 deinde
1043 2798 1075 2854 de
1089 2800 1222 2853 domorum
1236 2800 1340 2866 mugni-

318 2902 437 2966 licenlia,
462 2900 573 2966 denique
591 2900 624 2951 de
643 2915 708 2951 euro
726 2904 753 2952 et
772 2900 898 2965 gemmis3
926 2897 973 2951 sed
993 2914 1025 2951 nc
1042 2901 1081 2951 ita
1098 2900 1203 2966 quidem
1218 2897 1339 2962 dixisset,

317 3016 376 3054 enm
402 3016 453 3054 non
478 3001 641 3069 repetiisset,
669 3016 735 3067 quoe
761 3001 811 3075 iarn
832 3001 857 3054 in
882 2997 1095 3051 antecedentibus
1113 2999 1183 3052 dicta
1201 3003 1283 3052 erant.
1301 3024 1339 3037 -

318 3103 352 3154 V.
373 3107 408 3154 19
426 3121 464 3171 sq.
501 3102 543 3155 Et
571 3118 658 3169 qnae
686 3107 873 3171 praeterea
900 3103 1050 3171 populus
1075 3103 1237 3167 miratur,
1263 3099 1338 3168 quasi

319 3216 382 3253 vero
401 3203 513 3256 nondum
532 3202 594 3255 sutis
612 3202 648 3254 sit
669 3208 874 3256 enumeratorum
892 3216 987 3254 rerum.
1003 3229 1034 3241 ·-
1055 3202 1087 3254 in
1106 3202 1182 3254 illis
1200 3197 1338 3252 Invidia

318 3304 380 3350 est.
418 3300 558 3370 Comparat
576 3302 699 3355 Vunrrus
723 3302 829 3355 bristot.
856 3299 936 3353 libet.
953 3301 975 3354 Ι.
1001 3317 1024 3355 c.
1043 3305 1075 3354 δι
1100 3293 1165 3359 ‘dinc
1182 3301 1212 3351 δὲ
1229 3294 1265 3352 τὰ
1282 3319 1339 3349 τοι-

318 3394 389 3446 αῦτα
413 3400 465 3448 τῶν
491 3395 601 3464 ἀγαθῶν
627 3400 696 3453 ibris
722 3395 773 3451 dno*
797 3395 896 3469 τύχης,
925 3394 964 3460 ἐφ’
981 3396 1019 3457 οἷς
1043 3400 1113 3453 ἔστιν
1134 3395 1148 3452 o‘
1170 3395 1286 3462 euim,
1311 3404 1339 3451 et

318 3498 403 3549 Sorrr.
423 3496 490 3550 (led.
509 3499 545 3550 R.
564 3505 618 3553 ³80
636 3518 707 3567 squ:
732 3486 752 3552 ὦ
776 3502 872 3553 wionius
897 3504 941 3551 nni
960 3500 1068 3570 τυραννὶ
1085 3502 1129 3551 nol
1153 3502 1230 3568 τέχνη
1248 3501 1340 3565 'citent

317 3587 508 3665 ‘Kerppipouou
532 3598 571 3663 τῷ
593 3594 726 3667 πολινζὴλῳ
750 3602 815 3665 βίῳ,
834 3590 915 3655 Ὅσας
934 3595 996 3668 παρ’
1013 3593 1073 3660 ὑμῖν
1091 3592 1106 3649 d
1123 3594 1221 3661 φθόνος
1239 3590 1326 3656 colis

319 3715 401 3752 σεται.
446 3695 525 3751 Addit
542 3695 703 3750 Huscnnrns
722 3699 824 3765 iocum,
850 3715 927 3766 quem
945 3701 985 3751 vir
1008 3698 1100 3752 doctus
1125 3698 1151 3750 in
1173 3694 1255 3748 Actis
1278 3672 1344 3742 lite!

318 3818 373 3853 rur.
402 3796 546 3851 Societaris
571 3796 770 3853 Rheno-Trai.
797 3799 874 3852 Tom.
899 3799 947 3851 ΙΙΙ.
974 3817 1000 3868 p.
1028 3801 1087 3850 149.
1112 3796 1221 3861 laudat,
1256 3796 1341 3848 Perre.

318 3899 450 3967 Panegyr·
468 3915 525 3966 cap.
542 3900 586 3962 88,
605 3901 636 3950 δε
667 3898 714 3948 An
739 3896 829 3949 sotius
847 3897 907 3962 soit
924 3894 1036 3967 felicem
1055 3892 1173 3948 vocare?
1198 3892 1272 3966 qnod
1288 3910 1344 3945 non

316 3995 435 4048 moribus
452 3995 501 4047 scd
516 3994 652 4066 fortunus
670 3994 765 4045 datum
783 4003 841 4046 esi:
870 3992 961 4045 eutius
979 3991 1129 4064 magnum?
1154 3992 1200 4044 cni
1212 3990 1281 4060 plus
1297 3986 1342 4039 τή-

317 4092 406 4142 vidiae
425 4110 507 4164 quum
521 4091 735 4163 pulchritudinis
755 4094 833 4145 inest.
871 4095 922 4147 ΑΙΙΙ
947 4093 1059 4163 denique
1085 4095 1188 4149 dieunt:
1217 4092 1343 4145 iuvidiam
