3009 4725
353 497 455 539 xxxiv
774 473 831 536 DE
854 474 957 538 VITA

352 644 495 708 dedicant
517 662 652 706 cormeu.
703 637 767 701 Sed
791 661 862 701 cum
883 641 949 704 sive
971 662 989 704 o
1011 642 1138 706 Tibullo
1159 645 1225 706 sive
1247 642 1287 706 ob
1310 645 1375 707 edi·

351 776 422 826 tore
443 774 523 824 osset
550 761 585 822 in
606 757 711 840 quarti
731 757 807 819 libri
828 757 967 838 elegidiis
989 758 1132 822 Cerinthi
1152 781 1268 824 nomen
1289 765 1374 843 posi·

352 892 436 953 tum,
464 875 574 937 debuit
600 871 703 936 editor
727 872 814 938 idem
845 877 1035 938 constantiae
1058 897 1152 939 causa
1179 873 1374 938 insecundo

350 991 468 1066 facere,
500 1005 571 1050 cum
593 986 703 1049 eadem
722 1008 860 1069 persona
882 1001 977 1067 esset,
1008 987 1094 1076 quod
1119 1009 1186 1053 non
1208 988 1373 1051 dubitabis.

350 1107 455 1187 Atque
476 1102 521 1165 ita
541 1102 680 1167 redimus
704 1101 788 1166 unde
809 1105 944 1186 profecti
963 1127 1080 1185 sumus,
1106 1128 1177 1171 cum
1200 1105 1372 1169 diceremus

350 1223 477 1283 ultimos
501 1233 564 1281 tres
585 1221 684 1282 libros
709 1222 804 1282 simul
831 1219 930 1283 editos
952 1221 1052 1284 videri
1072 1234 1297 1303 postmortem
1318 1224 1372 1285 Ti·

350 1339 428 1398 bulli
449 1338 489 1398 ab
510 1337 573 1398 elio
596 1335 734 1419 quodam
755 1336 894 1401 homine.
936 1339 988 1401 De
1004 1361 1119 1424 quare
1135 1336 1253 1406 dictum
1271 1361 1371 1422 quan·

350 1467 417 1515 tum
439 1454 523 1516 sotis.

436 1568 570 1648 Priapea
590 1566 656 1629 duo
679 1570 825 1644 carmina,
847 1589 929 1649 quae
950 1567 1102 1649 Iosephus
1123 1563 1261 1647 Scaliger
1281 1588 1314 1630 se
1335 1568 1370 1629 iu

348 1684 453 1749 codice
475 1684 643 1748 Cuiatiuoo
672 1687 755 1747 inter
776 1686 895 1746 Tibulli
922 1704 1019 1765 opera
1046 1686 1200 1765 reperisse
1227 1691 1370 1762 testatur,

347 1797 507 1882 quomodo
528 1801 589 1861 huc
611 1800 755 1862 venerint
774 1798 932 1878 iguouun3
954 1818 1014 1879 pro
1037 1798 1224 1861 Tibullianis
1245 1820 1281 1860 ca
1305 1819 1370 1860 non

345 1917 471 1980 habeas.

430 2029 570 2094 Subiiuio
599 2038 800 2108 conspectum
828 2029 956 2092 brevem
988 2029 1070 2091 vitae
1099 2025 1234 2104 Tibulli,
1272 2037 1367 2105 prout

343 2165 393 2207 res
415 2142 562 2207 ordinare
584 2142 782 2205 tentavimus.

347 2385 430 2448 Cirr.
455 2389 534 2447 695.
568 2384 668 2463 Natus
690 2386 817 2451 videtur
833 2388 988 2450 Tibullus.

364 2520 437 2562 anu.
460 2505 532 2562 712.
566 2502 698 2566 Penates
719 2501 848 2585 reliquit
869 2498 1023 2582 stipendia
1052 2497 1209 2582 equestria
1235 2498 1365 2559 mcritu-

608 2640 662 2680 rus
691 2630 791 2679 aetate
821 2616 958 2677 militari.
1002 2612 1125 2696 Scripta
1146 2613 1243 2693 elegia
1264 2612 1289 2687 l,
1315 2619 1364 2673 10.

362 2750 436 2791 ann.
457 2736 529 2792 722.
564 2729 667 2793 Rediit
686 2744 759 2812 pust
778 2728 884 2792 decem
901 2749 1011 2807 astrios,
1034 2727 1181 2791 conlectis
1201 2721 1362 2804 stipendiis

606 2849 815 2930 equestribus.
866 2846 903 2905 ln
925 2844 1078 2905 Messalae
1100 2842 1263 2903 amicitiam
1284 2839 1363 2898 reci-

603 2963 699 3043 pitur.
724 2991 764 3006 -
800 2958 919 3020 Eodem
947 2969 1087 3034 tempore
1110 2952 1235 3012 Deliam
1256 2970 1361 3009 muare

603 3074 715 3155 coepit.

361 3210 434 3251 aun.
450 3197 523 3252 723.
559 3185 674 3250 Scribit
695 3186 771 3259 cleg.
797 3182 890 3257 1,1.,
924 3196 995 3237 cum
1016 3175 1163 3237 invitatus
1185 3198 1203 3236 o
1224 3175 1360 3240 Messala

602 3310 637 3356 ut
657 3312 761 3354 secum
783 3293 843 3349 iret
863 3290 897 3350 in
913 3287 1030 3349 bellum
1050 3300 1160 3349 contra
1176 3290 1360 3359 Antonium,

595 3404 691 3484 ‘sequi
713 3403 821 3463 nollet.
865 3401 914 3463 Ad
934 3403 1083 3464 rusticam
1110 3405 1205 3465 vitam
1232 3402 1358 3466 tandem

598 3536 631 3578 se
654 3512 830 3578 rediturum
856 3516 941 3579 dicit.
984 3513 1048 3600 (Ab
1070 3518 1131 3579 alio
1152 3521 1267 3580 iuvene
1290 3531 1357 3579 mm

600 3654 695 3698 carm.
712 3633 769 3711 IV,
790 3637 818 3694 l.
839 3628 1012 3717 scriptum.)
1056 3632 1176 3694 Tamen
1195 3633 1253 3695 sub
1275 3632 1357 3694 eius-

599 3746 670 3811 dem
698 3747 774 3809 anni
802 3745 897 3809 finem
925 3769 996 3812 cum
1016 3747 1150 3811 Messala
1169 3746 1204 3808 in
1225 3746 1356 3829 Aquita·

598 3863 685 3923 niam
705 3860 926 3942 proficiscitur.

354 3992 427 4034 auu.
447 3974 519 4037 724.
555 3977 734 4039 Auctumno
759 3996 831 4037 cum
853 3976 987 4039 Messala
1016 3979 1049 4037 iu
1072 3973 1234 4040 Orientem
1257 3975 1354 4053 proii-

599 4091 732 4167 ciscens,
764 4090 876 4151 morbo
903 4089 1056 4150 redactur
1075 4086 1109 4149 in
1131 4085 1269 4169 Corcyra
1291 4089 1351 4150 ibi·

599 4224 660 4283 que
683 4202 791 4263 scribit
806 4204 887 4283 eleg.
909 4201 933 4276 l,
957 4207 987 4259 3.
