3009 4725
606 384 793 449 'slBULLL
1084 409 1198 452 ccxxix

177 566 322 630 Tibullus
357 575 522 645 praeterea
555 560 645 621 etiam
679 564 770 642 specie
800 559 1047 642 persomjicatimis
1079 574 1114 622 nt
1148 562 1201 622 alii

177 680 307 761 passim,
332 675 458 760 dequo
481 676 633 738 nonnulla
654 671 770 734 addere
790 671 907 752 debeo,
927 675 1109 756 praesertim
1129 696 1199 735 cnm

178 796 270 873 vulgo
288 812 354 855 non
367 811 479 855 omnes
493 809 561 850 rem
579 787 779 867 distinguant.
820 787 919 867 Igitur
934 790 967 849 in
984 789 1044 851 hoc
1064 790 1088 864 1,
1100 796 1129 865 8,
1140 789 1201 850 te:

179 929 234 966 rma
260 906 346 967 turdo
372 905 478 964 labitur
505 903 555 962 illa
580 895 691 983 (aetas)
716 900 806 981 pede,
838 913 874 961 ut
898 899 982 982 apud
1004 899 1201 983 Lygdamum

182 1018 244 1092 111,
265 1025 299 1093 5,
322 1022 387 1092 16.,
411 1035 474 1075 non
498 1025 545 1076 est
566 1033 643 1075 vera
664 1011 910 1093 personificatio,
938 1035 995 1078 nec
1016 1035 1151 1096 persona
1173 1029 1203 1080 et

186 1129 244 1192 dea
265 1142 309 1190 est
330 1140 423 1206 aetas,
446 1125 500 1190 sed
521 1126 641 1209 species
661 1138 782 1189 tantum
804 1126 1083 1207 personiiicationis
1105 1129 1203 1192 liabe-

186 1258 238 1306 tur
268 1257 300 1305 et
327 1243 539 1323 metaphorica
568 1239 680 1318 dictio,
711 1253 745 1302 ut
774 1241 805 1320 Ι,
830 1248 886 1316 10,
910 1243 960 1304 at.
985 1256 1017 1305 ot
1039 1246 1070 1322 Ι,
1095 1251 1127 1320 1,
1151 1254 1204 1307 70.

183 1359 334 1421 Similiter
353 1359 378 1435 l,
395 1366 423 1435 7,
439 1362 492 1418 26.
511 1358 652 1439 supplicat
672 1355 762 1416 taba
779 1357 841 1417 lori
856 1355 976 1439 accipe,
1000 1370 1030 1419 et
1049 1358 1088 1435 ΙΙ,
1106 1367 1134 1438 5,
1154 1368 1205 1422 75.

182 1474 278 1555 Ipsum
306 1476 392 1533 etiam
419 1471 513 1534 Solam
546 1468 686 1551 defectum
713 1470 814 1531 tumim
841 1472 907 1533 uidit
926 1475 1046 1552 Iungere
1071 1476 1206 1557 pallentes

183 1588 290 1647 nubilus
321 1609 412 1647 annus
442 1606 529 1669 equas
560 1605 612 1646 res
646 1585 738 1645 etiam
770 1584 893 1647 clarior.
946 1586 1101 1651 Notamns
1135 1589 1205 1651 slis.

185 1698 291 1760 Carni.
311 1700 353 1776 ΙΙ,
375 1705 405 1772 3,
427 1706 466 1760 37
484 1716 553 1780 sqq.
579 1673 702 1760 Prosda
717 1696 804 1777 seras
825 1704 900 1759 acics
926 1705 1010 1761 cinnii
1031 1701 1205 1764 discordibus

187 1817 295 1873 armis:
306 1844 350 1856 -
371 1813 491 1873 Praeda
505 1833 576 1889 uago
591 1816 669 1873 iussit
683 1817 828 1889 geminare
838 1816 964 1895 periculo
980 1828 1064 1897 ponto
1085 1818 1207 1896 legitur,

188 1937 221 1986 et
243 1926 267 2002 1,
284 1931 314 1999 3,
330 1929 387 1985 37:
406 1929 488 2005 pinus
508 1936 708 2008 contempserat
730 1927 823 1986 undas
845 1925 953 1988 eodem
978 1929 1072 1992 modo
1090 1929 1206 1993 dictum

186 2041 255 2100 sine
275 2035 547 2118 personificatione
567 2058 660 2115 sera3
686 2036 760 2099 satis
778 2039 870 2100 etiam
890 2040 1064 2121 explicatur
1080 2062 1098 2102 a
1116 2043 1208 2102 nobis

186 2156 210 2231 1,
229 2160 258 2230 7,
277 2152 344 2213 init.
367 2152 427 2213 dies·
448 2153 568 2227 natalis,
597 2152 761 2234 Aquitanas·
785 2158 835 2236 qui
850 2165 942 2235 posset
953 2152 1079 2233 suadere
1106 2166 1208 2233 genter,

189 2263 452 2348 quemadmodum
478 2267 513 2326 in
535 2261 769 2327 Commentario
796 2265 925 2330 videbis.
970 2269 1132 2331 Postremo
1160 2270 1209 2330 in·

189 2376 257 2443 dico
286 2379 438 2440 eximium
468 2378 502 2438 in
531 2378 593 2440 hoc
621 2399 735 2457 genere
760 2382 864 2443 locum
896 2382 950 2458 lv,
972 2390 1001 2458 7,
1023 2389 1052 2445 9.
1075 2383 1113 2447 de
1143 2405 1208 2467 quo

191 2493 264 2551 item
294 2493 327 2553 in
354 2491 574 2573 Explicatione
604 2490 682 2555 dixi.
739 2494 825 2555 Haec
855 2496 950 2573 igitur
979 2508 1011 2558 et
1039 2500 1113 2559 talia
1143 2517 1208 2559 non

191 2615 266 2665 sunt
293 2625 373 2684 qnae
401 2607 531 2686 proprie
561 2604 711 2667 dicendae
742 2604 1049 2686 personificstionss,
1088 2610 1162 2670 licet
1192 2630 1209 2670 a

190 2717 299 2778 multis
320 2715 530 2778 confundatur
552 2729 724 2801 utrumque
751 2736 866 2795 genus,
898 2719 1055 2780 illustrant
1076 2741 1153 2783 vero
1177 2735 1210 2782 ut

190 2831 251 2892 alia
280 2831 429 2892 translata
457 2834 554 2893 verba
582 2830 721 2895 suaviter
749 2830 940 2905 orationem,
979 2829 1007 2889 si
1039 2832 1212 2893 artificiosis

146 2979 149 2983 ⁴
191 2956 222 3004 et
253 2945 346 3005 nimis
381 2942 552 3006 audacibus
584 2945 695 3007 formis
727 2942 865 3006 abstinet
893 2940 1038 3021 scriptor.
1098 2941 1214 3001 Manui

191 3056 355 3138 aliquoties
377 3053 416 3118 dc
439 3055 549 3120 eadem
574 3078 609 3120 re
634 3057 673 3120 ad
694 3055 876 3120 Pindarum.
919 3053 965 3115 Ac
986 3050 1025 3115 de
1049 3051 1213 3115 rhetoricis

190 3171 284 3233 rebua
312 3166 461 3232 (liminius.

257 3395 441 3459 Accedimus
468 3418 553 3458 nunc
580 3394 619 3457 ad
646 3399 778 3459 alteram
802 3416 909 3458 rernm
931 3407 1051 3478 partem
1079 3407 1111 3457 et
1132 3393 1215 3456 dice·

191 3531 262 3572 mus
292 3509 387 3571 etiam
414 3508 452 3572 de
481 3516 679 3588 grammaticis
705 3513 805 3587 radus,
841 3507 918 3592 quid
948 3511 982 3570 in
1012 3508 1074 3570 hoc
1102 3528 1215 3588 genere

191 3622 362 3686 notabilius
382 3624 499 3685 habeat
519 3624 675 3686 Tibullus.
724 3626 861 3686 Possunt
881 3644 959 3687 vero
981 3624 1073 3687 etiam
1098 3622 1217 3702 simpli·

193 3735 291 3796 ciores
312 3736 483 3816 scriptores
504 3735 556 3796 hic
575 3735 639 3796 illic
660 3737 784 3798 rariora
802 3755 923 3817 ponere
945 3749 976 3798 et
995 3747 1134 3817 ponunt,
1162 3731 1216 3792 sed

193 3862 259 3905 non
278 3857 398 3909 temere
420 3848 621 3928 frequentant
642 3849 782 3925 rariora,
809 3869 867 3910 nec
890 3848 917 3909 si
939 3845 1014 3929 quid
1041 3844 1218 3920 admittunt,

191 3955 234 4018 ita
258 3960 423 4040 negligunt
449 3959 528 4021 fines
554 3961 706 4022 orationis
730 3981 823 4036 snae,
853 3972 888 4021 nt
909 3979 985 4023 vara
1011 3955 1220 4039 discrepantia

192 4070 330 4133 exsistat.
385 4070 449 4133 Sed
478 4070 640 4136 videamus
669 4073 843 4136 Tibullum.
894 4073 1035 4133 Primum
1065 4071 1218 4135 notabiles

876 4189 946 4241 m2
