3009 4725
449 501 454 510 .
541 401 725 470 TlBULLl·
1069 434 1159 477 cxxv

216 587 252 652 Si
268 608 333 672 qus
351 594 437 647 metu
457 579 584 663 dempto
602 588 684 642 casta
703 591 764 655 est,
790 600 826 641 es
845 578 981 666 denique
997 595 1080 648 casta
1095 598 1158 650 est:

260 701 369 780 Quae,
402 701 478 784 quia
499 721 562 762 uon
583 698 672 773 licet,
702 717 767 758 uon
789 697 880 779 iecit,
909 701 963 761 ille
983 699 1066 764 facit.

607 816 678 830 u

221 872 382 958 Quidquid
407 883 568 947 servatur,
598 868 740 948 cupimus
763 868 875 946 magis,
903 870 1035 953 ipsaque
1058 873 1159 934 lucem

265 988 350 1050 Cura
370 1000 470 1050 vocnt.
514 984 611 1047 Pauci
633 981 718 1067 quod
740 982 814 1045 sinit
841 985 935 1062 alter,
964 998 1078 1049 ament.

230 1159 362 1237 Arguet,
390 1156 527 1235 arguit03
559 1151 712 1236 quidquid
734 1157 848 1235 probat
869 1155 937 1235 ills,
965 1160 1119 1239 probs103

270 1270 363 1349 Quod
386 1270 481 1348 dicet,
509 1269 612 1350 dicas,
642 1269 728 1353 quod
749 1283 840 1351 negat
863 1272 932 1352 ills,
957 1295 1061 1354 neges.

140 1418 227 1479 Talia
246 1437 312 1479 non
334 1427 415 1478 antat
436 1415 598 1492 Tibullus,
627 1415 683 1496 qui
704 1425 740 1476 ut
760 1415 946 1499 plerumque
969 1418 1062 1480 etiam
1082 1420 1162 1481 Pro-

140 1534 272 1613 pertius,
301 1530 437 1590 maiores
469 1528 588 1592 formas
617 1527 832 1605 membrorum
861 1530 950 1610 fingit
978 1545 1009 1594 et
1039 1535 1163 1612 gravius

140 1646 299 1728 componit
317 1644 448 1706 disticha
468 1666 534 1719 sus,
556 1664 661 1726 neque
684 1644 881 1723 omnigenam
901 1649 1082 1712 varietatem
1095 1651 1164 1711 bn·

139 1765 195 1824 bet
217 1775 373 1823 structura
393 1761 643 1821 enuntiationum
665 1759 749 1840 apud
771 1762 865 1838 hunc,
886 1760 940 1823 sed
961 1764 1045 1826 intra
1063 1767 1165 1830 iustos

143 1877 224 1937 fines
247 1895 279 1936 se
307 1877 454 1935 continet.
507 1873 589 1950 Quid
620 1886 723 1936 sutem
753 1889 800 1937 est
829 1878 896 1939 eius
926 1880 1061 1942 maxime
1090 1903 1167 1962 pro·

144 1984 276 2074 prium?
300 1994 408 2066 Amat,
430 1989 484 2049 ubi
505 2011 567 2052 non
588 2013 651 2053 una
677 1991 827 2054 continua
848 1989 1015 2069 periodus,
1036 1998 1169 2073 imprimis

144 2108 299 2189 dispescere
318 2109 480 2165 sententiam
498 2104 607 2164 distichi
621 2110 649 2164 in
665 2105 722 2164 dno
744 2104 872 2164 membra
886 2125 938 2186 pet·
958 2100 1169 2189 deposoptiost,

146 2227 298 2282 antediem
326 2224 355 2279 in
375 2224 449 2294 tria,
481 2230 507 2278 et
533 2239 640 2277 uersum
672 2222 763 2279 vermi
786 2230 838 2279 aut
862 2218 1017 2278 membrum
1044 2219 1168 2278 membro

147 2355 281 2418 opponens
302 2334 462 2394 divisionum
477 2342 504 2393 et
518 2335 716 2414 oppositionum
738 2354 854 2394 neruosa
872 2337 1053 2394 concinnitate
1074 2355 1169 2394 consc-

150 2457 242 2531 puitur
253 2449 382 2530 sormam
399 2453 533 2509 orationis
554 2451 722 2527 masculam,
744 2455 835 2528 cipum
851 2457 995 2530 insignem,
1016 2453 1071 2512 sibi
1084 2455 1170 2533 plone

146 2567 299 2646 propriam,
322 2585 408 2645 quam
422 2563 502 2644 apud
515 2563 602 2621 olittm
617 2564 722 2622 nullum
741 2576 855 2645 poetam
874 2566 1026 2641 elegiacum
1038 2569 1168 2626 invenias.

149 2677 199 2737 De
217 2697 280 2757 quo
303 2698 385 2737 nunc
401 2676 576 2755 explicabo.
619 2674 760 2735 Primum
775 2675 869 2752 igitur
886 2676 928 2737 sic
946 2679 977 2736 in
996 2672 1058 2737 dcto
1073 2697 1170 2736 mem·

149 2795 208 2854 bra
231 2790 387 2854 discedere
408 2794 486 2853 solet
508 2789 662 2853 distichon
684 2812 743 2872 per
769 2786 969 2879 ὃιχοτομίαν
991 2788 1140 2851 divisum:

234 2937 307 3017 lpse
328 2955 426 2997 seram
447 2947 571 2996 teneras
594 2946 717 2994 maturo
740 2945 881 3013 tempore
903 2930 983 2991 vites

278 3049 440 3125 Rusticus,
467 3062 498 3110 et
519 3048 603 3111 sacili
623 3047 751 3128 grandin
773 3068 866 3128 poma
889 3064 995 3105 manu.

150 3181 227 3243 Aut:
251 3180 327 3243 Non
351 3182 429 3242 mihi
451 3181 540 3262 pigro
560 3195 677 3244 nocent
697 3183 848 3244 hibernae
870 3178 987 3258 frigora
1008 3177 1121 3251 noctis,

278 3293 354 3357 Non
375 3295 470 3373 mihi,
500 3318 572 3358 cum
592 3300 691 3359 multa
712 3296 826 3359 decidit
846 3295 948 3356 imber
970 3312 1062 3374 aqun.

149 3435 206 3498 Est
227 3436 303 3498 baec
324 3438 550 3519 simplicissima
581 3442 684 3502 forma
717 3442 836 3523 ubique
865 3435 957 3502 obvia
975 3437 1010 3498 in
1031 3435 1080 3497 bis
1110 3458 1177 3497 cur·

151 3553 299 3614 minibus.
342 3552 405 3614 Sed
432 3568 534 3636 potest
560 3558 652 3618 etiam
680 3559 866 3619 alterutrum
892 3554 1068 3615 membrum
1097 3574 1178 3616 nove

152 3660 305 3728 diiisione
326 3663 441 3744 dividi,
471 3680 522 3730 ut:

238 3797 323 3858 llaec
346 3804 439 3857 canto
460 3797 614 3882 finditque
638 3800 738 3859 solum
761 3795 935 3877 Manesque
958 3792 1107 3875 sepulcris

277 3913 385 3991 Elicit,
416 3926 448 3975 et
469 3915 577 3997 tepido
603 3906 734 3977 devocat
755 3932 825 3974 ossa
842 3932 937 3990 rogo,

153 4037 211 4098 ubi
236 4037 316 4103 duae
344 4054 418 4105 sunt
445 4045 614 4125 primariae
643 4055 748 4126 partes
777 4041 967 4117 sententiae,
998 4039 1087 4121 prior
1108 4058 1185 4103 vero

153 4152 189 4211 in
219 4150 283 4217 duo
317 4158 442 4221 minora
471 4171 629 4221 momente
662 4155 848 4237 dispescitur
879 4172 937 4233 per
971 4150 1187 4240 ὃιχοτομίαν,
