3009 4725
312 384 364 468 86
587 383 773 460 TIBULLI
804 383 888 456 ΜΒ.
910 385 965 458 IV.
986 402 1010 461 t.
1031 403 1062 463 2.

377 566 483 663 Quod
508 566 571 640 tibi
597 567 627 640 si
654 595 771 642 versus
795 587 928 662 noster,
963 590 1093 648 totusue
1119 575 1292 666 minusve,

376 695 437 776 vet
459 695 547 772 bene
570 697 615 774 sit
639 715 760 788 notus,
794 728 929 786 summo
955 702 1008 784 uel
1031 702 1157 788 incuset
1181 705 1218 779 in
1232 736 1318 798 voue,

375 824 477 899 Nulla
504 826 588 902 mihi
613 845 762 908 statuent
784 828 887 908 {inem
915 848 945 904 te
968 831 1037 908 sata
1064 835 1219 907 canendi.

376 954 471 1051 Quin
500 956 599 1030 ctiam
625 986 701 1034 mco
725 976 805 1038 tunc
829 958 980 1034 tumulus
1003 989 1081 1046 cum
1108 963 1227 1037 texerit
1252 991 1341 1054 ossa,

314 1084 445 1158 moseo
470 1104 603 1164 maturo
628 1087 700 1162 dies
724 1084 864 1168 celerem
888 1109 1054 1190 proporat
1078 1092 1162 1166 mihi
1185 1111 1340 1184 mortem,

372 1218 491 1314 Longu
519 1235 632 1306 munet
658 1243 718 1294 seu
744 1217 829 1307 uita,
862 1226 992 1310 taimen,
1025 1240 1155 1297 mutata
1179 1223 1292 1322 figura

317 1321 323 1334 ι
377 1347 446 1422 Seu
471 1376 525 1422 me
551 1346 656 1445 finget
682 1374 807 1450 equum
830 1351 962 1449 rigidos
981 1381 1181 1452 percurrere
1202 1381 1341 1458 campos

373 1477 522 1552 Doctum
548 1503 609 1550 seu
630 1478 719 1562 tardi
745 1481 880 1579 pecoris
907 1481 972 1555 sim
998 1482 1107 1580 gloria
1130 1503 1249 1560 taurus

376 1606 454 1679 Sive
474 1634 538 1704 ego
556 1636 619 1708 per
641 1607 811 1710 liquidum
832 1611 979 1686 volucris
994 1613 1100 1688 vehar
1116 1643 1194 1689 acra
1209 1617 1344 1716 pennis,

317 1736 669 1838 210Quantlocunque
683 1738 857 1815 homiuem
869 1769 922 1815 me
935 1740 1039 1840 longa
1057 1746 1224 1845 receperit
1242 1765 1343 1839 aetas,

376 1867 525 1967 Inceptis
554 1867 596 1941 de
623 1884 655 1942 te
681 1870 859 1948 subtexam
883 1871 1033 1954 carmina
1062 1873 1198 1948 chartis.

645 2215 929 2278 CARMEN
978 2218 1019 2279 Π.

360 2339 532 2496 Sulpicia
549 2394 672 2468 esttibi
698 2394 788 2469 culta
801 2396 879 2486 tuis,
901 2398 996 2470 Mars
1010 2423 1144 2494 magne,
1170 2396 1343 2473 kalendis:

411 2526 607 2623 Spectatum
632 2551 649 2597 e
676 2523 787 2614 caelo,
820 2525 851 2598 si
877 2527 989 2627 sapis,
1019 2526 1093 2625 ipse
1119 2527 1206 2599 veni.

364 2657 439 2729 Hoc
465 2657 582 2727 Venus
606 2654 775 2752 ignoscet:
812 2673 846 2727 at
872 2673 926 2744 tu,
958 2654 1121 2745 violente,
1154 2673 1268 2729 caveto

416 2787 468 2858 Nc
492 2784 555 2858 tibi
580 2785 718 2858 miranti
745 2786 890 2885 turpiter
912 2813 1006 2858 arma
1030 2785 1163 2859 cadant.

340 2915 462 2989 slttius
489 2941 530 2987 ex
555 2913 682 3002 oculis,
716 2942 794 2986 cum
820 2913 890 2986 vult
914 2941 1053 2988 exurere
1079 2914 1194 3003 divos,

417 3044 586 3119 Accendit
612 3044 765 3141 geminas
792 3042 969 3145 lampadas
996 3073 1074 3119 acer
1096 3044 1214 3119 Amor.

365 3174 479 3265 Illam,
513 3172 678 3274 quicquid
705 3173 793 3271 ogit,
827 3203 966 3275 quoquo
992 3174 1132 3273 vestigia
1155 3173 1273 3260 movit,

420 3302 604 3404 Compouit
628 3302 744 3376 furtim
773 3303 1061 3405 subsequiturque
1087 3304 1209 3376 Decor.

368 3434 436 3505 Seu
464 3432 562 3505 solvit
589 3432 715 3521 crines,
749 3433 835 3505 fusis
863 3433 959 3507 decet
986 3461 1057 3506 esse
1080 3433 1227 3531 capillis:

327 3579 362 3634 10
420 3561 488 3631 Seu
517 3562 679 3660 compsit,
712 3563 855 3661 comptis
884 3580 933 3635 est
956 3560 1146 3633 veneranda
1171 3557 1286 3632 comis.

398 3789 498 3843 tuot.
515 3794 595 3843 tunc
610 3819 639 3830 -
655 3808 725 3845 cum
740 3792 871 3846 texerit
886 3788 976 3858 optimi
991 3795 1089 3843 etcum
1105 3790 1183 3843 Auno
1196 3789 1349 3842 Semoni.

325 3905 384 3939 cum
402 3918 434 3929 -
451 3891 597 3942 contexerit
615 3894 750 3958 Pucctuo,
776 3892 845 3960 quod
864 3891 975 3958 primum
993 3890 1132 3944 Muuuuus
1150 3892 1176 3943 iu
1198 3894 1347 3941 contextum

324 3991 467 4043 intulit·
504 3992 609 4045 Ποῦ.
628 3993 777 4045 celerem
796 3993 935 4045 Cut.vcu.
973 3991 1063 4044 Ceteri
1079 3990 1207 4060 ficto-
1244 3989 1349 4041 mou.

324 4088 427 4141 volucri
446 4118 478 4129 -
494 4106 585 4156 penno
608 4090 687 4155 vulgo
711 4090 744 4142 do
767 4092 915 4144 coniectura
937 4089 1059 4143 Hucusu.
