<?xml version="1.0" encoding="UTF-8"?>
<!DOCTYPE html PUBLIC "-//W3C//DTD XHTML 1.0 Transitional//EN"
    "http://www.w3.org/TR/xhtml1/DTD/xhtml1-transitional.dtd">
<html xmlns="http://www.w3.org/1999/xhtml" xml:lang="en" lang="en">
 <head>
  <title>
</title>
<meta http-equiv="Content-Type" content="text/html;charset=utf-8" />
  <meta name='ocr-system' content='tesseract 3.04.00' />
  <meta name='ocr-capabilities' content='ocr_page ocr_carea ocr_par ocr_line ocrx_word'/>
</head>
<body>
  <div class='ocr_page' id='page_1' title='image "albiitibullicar00unkngoog_0625.png"; bbox 0 0 3009 4725; ppageno 0'>
   <div class='ocr_carea' id='block_1_1' title="bbox 482 333 1184 398">
    <p class='ocr_par' dir='ltr' id='par_1_1' title="bbox 482 333 1184 398">
     <span class='ocr_line' id='line_1_1' title="bbox 482 333 1184 398; baseline 0 -2"><span class='ocrx_word' id='word_1_1' title='bbox 482 333 594 396; x_wconf 78' lang='lat' dir='ltr'><strong>Lissn.</strong></span> <span class='ocrx_word' id='word_1_2' title='bbox 617 333 656 394; x_wconf 88' lang='lat' dir='ltr'><strong>ll.</strong></span> <span class='ocrx_word' id='word_1_3' title='bbox 700 333 823 398; x_wconf 85' lang='lat' dir='ltr'><strong>ELEG.</strong></span> <span class='ocrx_word' id='word_1_4' title='bbox 846 333 886 396; x_wconf 90' lang='lat' dir='ltr'><strong>V.</strong></span> <span class='ocrx_word' id='word_1_5' title='bbox 1122 343 1184 398; x_wconf 77' lang='lat'><strong>289</strong></span> 
     </span>
    </p>
   </div>
   <div class='ocr_carea' id='block_1_2' title="bbox 162 508 1207 2782">
    <p class='ocr_par' dir='ltr' id='par_1_2' title="bbox 162 508 1189 1170">
     <span class='ocr_line' id='line_1_2' title="bbox 163 508 1189 579; baseline -0.011 -6"><span class='ocrx_word' id='word_1_6' title='bbox 163 521 237 573; x_wconf 87' lang='lat' dir='ltr'><strong>nire</strong></span> <span class='ocrx_word' id='word_1_7' title='bbox 258 512 421 571; x_wconf 83' lang='lat' dir='ltr'><strong>vidimus,</strong></span> <span class='ocrx_word' id='word_1_8' title='bbox 445 509 533 579; x_wconf 77' lang='lat' dir='ltr'><strong>pergit</strong></span> <span class='ocrx_word' id='word_1_9' title='bbox 551 516 646 576; x_wconf 83' lang='lat' dir='ltr'><strong>poete,</strong></span> <span class='ocrx_word' id='word_1_10' title='bbox 672 508 871 575; x_wconf 75' lang='lat' dir='ltr'><strong>praeterita</strong></span> <span class='ocrx_word' id='word_1_11' title='bbox 888 510 974 574; x_wconf 84' lang='lat' dir='ltr'><strong>sint3</strong></span> <span class='ocrx_word' id='word_1_12' title='bbox 1000 516 1036 563; x_wconf 88' lang='lat' dir='ltr'><strong>lu</strong></span> <span class='ocrx_word' id='word_1_13' title='bbox 1060 511 1189 579; x_wconf 77' lang='lat' dir='ltr'><strong>Apollo</strong></span> 
     </span>
     <span class='ocr_line' id='line_1_3' title="bbox 162 605 1187 683; baseline -0.01 -11"><span class='ocrx_word' id='word_1_14' title='bbox 162 619 251 672; x_wconf 91' lang='lat' dir='ltr'><strong>tolle</strong></span> <span class='ocrx_word' id='word_1_15' title='bbox 269 617 300 668; x_wconf 92' lang='lat' dir='ltr'><strong>in</strong></span> <span class='ocrx_word' id='word_1_16' title='bbox 319 617 497 683; x_wconf 85' lang='lat' dir='ltr'><strong>posterum</strong></span> <span class='ocrx_word' id='word_1_17' title='bbox 519 606 680 678; x_wconf 78' lang='lat' dir='ltr'><strong>prodigia</strong></span> <span class='ocrx_word' id='word_1_18' title='bbox 699 612 734 659; x_wconf 93' lang='lat' dir='ltr'><strong>et</strong></span> <span class='ocrx_word' id='word_1_19' title='bbox 753 605 873 660; x_wconf 84' lang='lat' dir='ltr'><strong>tellois</strong></span> <span class='ocrx_word' id='word_1_20' title='bbox 890 608 966 661; x_wconf 89' lang='lat' dir='ltr'><strong>anni</strong></span> <span class='ocrx_word' id='word_1_21' title='bbox 984 610 1112 678; x_wconf 85' lang='lat' dir='ltr'><strong>praebe</strong></span> <span class='ocrx_word' id='word_1_22' title='bbox 1132 627 1187 663; x_wconf 87' lang='lat' dir='ltr'><strong>no-</strong></span> 
     </span>
     <span class='ocr_line' id='line_1_4' title="bbox 164 708 1187 783; baseline -0.01 -11"><span class='ocrx_word' id='word_1_23' title='bbox 164 720 216 772; x_wconf 82' lang='lat' dir='ltr'><strong>bis</strong></span> <span class='ocrx_word' id='word_1_24' title='bbox 234 713 395 783; x_wconf 88' lang='lat' dir='ltr'><strong>auspicia</strong></span> <span class='ocrx_word' id='word_1_25' title='bbox 412 710 465 765; x_wconf 85' lang='lat' dir='ltr'><strong>bis</strong></span> <span class='ocrx_word' id='word_1_26' title='bbox 484 708 629 763; x_wconf 75' lang='lat' dir='ltr'><strong>flammis</strong></span> <span class='ocrx_word' id='word_1_27' title='bbox 646 709 737 759; x_wconf 86' lang='lat' dir='ltr'><strong>sueri</strong></span> <span class='ocrx_word' id='word_1_28' title='bbox 756 708 815 760; x_wconf 87' lang='lat' dir='ltr'><strong>tui.</strong></span> <span class='ocrx_word' id='word_1_29' title='bbox 853 708 950 765; x_wconf 77' lang='lat' dir='ltr'><strong>Quod</strong></span> <span class='ocrx_word' id='word_1_30' title='bbox 977 726 1048 763; x_wconf 88' lang='lat' dir='ltr'><strong>curn</strong></span> <span class='ocrx_word' id='word_1_31' title='bbox 1074 709 1187 766; x_wconf 85' lang='lat' dir='ltr'><strong>faciat</strong></span> 
     </span>
     <span class='ocr_line' id='line_1_5' title="bbox 164 809 1184 882; baseline -0.005 -12"><span class='ocrx_word' id='word_1_32' title='bbox 164 819 263 882; x_wconf 89' lang='lat' dir='ltr'><strong>deus,</strong></span> <span class='ocrx_word' id='word_1_33' title='bbox 295 813 464 869; x_wconf 89' lang='lat' dir='ltr'><strong>continuo</strong></span> <span class='ocrx_word' id='word_1_34' title='bbox 495 813 535 864; x_wconf 83' lang='lat' dir='ltr'><strong>nb</strong></span> <span class='ocrx_word' id='word_1_35' title='bbox 567 809 791 878; x_wconf 87' lang='lat' dir='ltr'><strong>oppositione</strong></span> <span class='ocrx_word' id='word_1_36' title='bbox 818 809 1041 865; x_wconf 80' lang='lat' dir='ltr'><strong>adversorum</strong></span> <span class='ocrx_word' id='word_1_37' title='bbox 1075 826 1184 865; x_wconf 85' lang='lat' dir='ltr'><strong>rerum</strong></span> 
     </span>
     <span class='ocr_line' id='line_1_6' title="bbox 164 908 1187 974; baseline -0.003 -5"><span class='ocrx_word' id='word_1_38' title='bbox 164 916 296 969; x_wconf 84' lang='lat' dir='ltr'><strong>transit</strong></span> <span class='ocrx_word' id='word_1_39' title='bbox 319 913 359 966; x_wconf 90' lang='lat' dir='ltr'><strong>ad</strong></span> <span class='ocrx_word' id='word_1_40' title='bbox 384 911 492 963; x_wconf 82' lang='lat' dir='ltr'><strong>inusti</strong></span> <span class='ocrx_word' id='word_1_41' title='bbox 510 910 588 962; x_wconf 91' lang='lat' dir='ltr'><strong>anni</strong></span> <span class='ocrx_word' id='word_1_42' title='bbox 607 908 690 961; x_wconf 88' lang='lat' dir='ltr'><strong>bona</strong></span> <span class='ocrx_word' id='word_1_43' title='bbox 709 915 742 960; x_wconf 90' lang='lat' dir='ltr'><strong>et</strong></span> <span class='ocrx_word' id='word_1_44' title='bbox 761 908 889 974; x_wconf 78' lang='lat' dir='ltr'><strong>gaudia</strong></span> <span class='ocrx_word' id='word_1_45' title='bbox 906 912 1039 966; x_wconf 86' lang='lat' dir='ltr'><strong>rustica</strong></span> <span class='ocrx_word' id='word_1_46' title='bbox 1056 912 1187 968; x_wconf 80' lang='lat' dir='ltr'><strong>descri-</strong></span> 
     </span>
     <span class='ocr_line' id='line_1_7' title="bbox 165 1008 1187 1079; baseline -0.001 -11"><span class='ocrx_word' id='word_1_47' title='bbox 165 1016 292 1079; x_wconf 89' lang='lat' dir='ltr'><strong>benda,</strong></span> <span class='ocrx_word' id='word_1_48' title='bbox 322 1014 356 1065; x_wconf 88' lang='lat' dir='ltr'><strong>iu</strong></span> <span class='ocrx_word' id='word_1_49' title='bbox 382 1011 455 1065; x_wconf 81' lang='lat' dir='ltr'><strong>iine</strong></span> <span class='ocrx_word' id='word_1_50' title='bbox 483 1015 591 1063; x_wconf 85' lang='lat' dir='ltr'><strong>temen</strong></span> <span class='ocrx_word' id='word_1_51' title='bbox 617 1008 717 1061; x_wconf 85' lang='lat' dir='ltr'><strong>etiarn</strong></span> <span class='ocrx_word' id='word_1_52' title='bbox 742 1010 991 1075; x_wconf 84' lang='lat' dir='ltr'><strong>querimoniam</strong></span> <span class='ocrx_word' id='word_1_53' title='bbox 1018 1014 1187 1068; x_wconf 71' lang='lat' dir='ltr'><strong>cronicam</strong></span> 
     </span>
     <span class='ocr_line' id='line_1_8' title="bbox 168 1116 372 1170; baseline -0.015 0"><span class='ocrx_word' id='word_1_54' title='bbox 168 1116 372 1170; x_wconf 75' lang='lat' dir='ltr'><strong>admiscens.</strong></span> 
     </span>
    </p>

    <p class='ocr_par' dir='ltr' id='par_1_3' title="bbox 171 1212 1207 2782">
     <span class='ocr_line' id='line_1_9' title="bbox 243 1212 1190 1282; baseline -0.002 -12"><span class='ocrx_word' id='word_1_55' title='bbox 243 1217 276 1270; x_wconf 82' lang='lat' dir='ltr'><strong>V.</strong></span> <span class='ocrx_word' id='word_1_56' title='bbox 300 1221 414 1282; x_wconf 76' lang='lat' dir='ltr'><strong>disqu.</strong></span> <span class='ocrx_word' id='word_1_57' title='bbox 457 1214 623 1266; x_wconf 83' lang='lat' dir='ltr'><strong>Constructio</strong></span> <span class='ocrx_word' id='word_1_58' title='bbox 650 1217 704 1264; x_wconf 76' lang='lat' dir='ltr'><strong>ent:</strong></span> <span class='ocrx_word' id='word_1_59' title='bbox 743 1212 918 1279; x_wconf 77' lang='lat' dir='ltr'><strong>Quicquid</strong></span> <span class='ocrx_word' id='word_1_60' title='bbox 950 1214 1129 1269; x_wconf 75' lang='lat' dir='ltr'><strong>Amalthea</strong></span> <span class='ocrx_word' id='word_1_61' title='bbox 1156 1243 1190 1257; x_wconf 91' lang='lat'>-</span> 
     </span>
     <span class='ocr_line' id='line_1_10' title="bbox 171 1308 1195 1381; baseline -0.002 -10"><span class='ocrx_word' id='word_1_62' title='bbox 171 1319 263 1381; x_wconf 87' lang='lat' dir='ltr'><strong>sinu,</strong></span> <span class='ocrx_word' id='word_1_63' title='bbox 280 1342 316 1355; x_wconf 89' lang='lat'><em>-</em></span> <span class='ocrx_word' id='word_1_64' title='bbox 342 1313 423 1368; x_wconf 88' lang='lat' dir='ltr'><strong>baec</strong></span> <span class='ocrx_word' id='word_1_65' title='bbox 441 1313 583 1366; x_wconf 88' lang='lat' dir='ltr'><strong>inerant</strong></span> <span class='ocrx_word' id='word_1_66' title='bbox 606 1312 705 1375; x_wconf 89' lang='lat' dir='ltr'><strong>olim,</strong></span> <span class='ocrx_word' id='word_1_67' title='bbox 727 1308 752 1362; x_wconf 87' lang='lat' dir='ltr'><strong>b.</strong></span> <span class='ocrx_word' id='word_1_68' title='bbox 772 1326 795 1362; x_wconf 92' lang='lat' dir='ltr'><strong>e.</strong></span> <span class='ocrx_word' id='word_1_69' title='bbox 816 1312 891 1366; x_wconf 76' lang='lat' dir='ltr'><strong>Quae</strong></span> <span class='ocrx_word' id='word_1_70' title='bbox 910 1327 972 1365; x_wconf 78' lang='lat' dir='ltr'><strong>vero</strong></span> <span class='ocrx_word' id='word_1_71' title='bbox 993 1312 1112 1381; x_wconf 77' lang='lat' dir='ltr'><strong>prodigia</strong></span> <span class='ocrx_word' id='word_1_72' title='bbox 1130 1318 1195 1369; x_wconf 89' lang='lat' dir='ltr'><strong>rell-</strong></span> 
     </span>
     <span class='ocr_line' id='line_1_11' title="bbox 173 1411 1193 1484; baseline 0.001 -16"><span class='ocrx_word' id='word_1_73' title='bbox 173 1431 241 1483; x_wconf 83' lang='lat' dir='ltr'><strong>quae</strong></span> <span class='ocrx_word' id='word_1_74' title='bbox 268 1422 371 1484; x_wconf 88' lang='lat' dir='ltr'><strong>praeter</strong></span> <span class='ocrx_word' id='word_1_75' title='bbox 396 1412 568 1481; x_wconf 75' lang='lat' dir='ltr'><strong>Erythraeam</strong></span> <span class='ocrx_word' id='word_1_76' title='bbox 600 1412 655 1465; x_wconf 85' lang='lat' dir='ltr'><strong>sire</strong></span> <span class='ocrx_word' id='word_1_77' title='bbox 686 1411 827 1464; x_wconf 86' lang='lat' dir='ltr'><strong>Cumauam</strong></span> <span class='ocrx_word' id='word_1_78' title='bbox 854 1412 971 1478; x_wconf 79' lang='lat' dir='ltr'><strong>Sibyllae</strong></span> <span class='ocrx_word' id='word_1_79' title='bbox 999 1415 1193 1483; x_wconf 81' lang='lat' dir='ltr'><strong>praedixerunt,</strong></span> 
     </span>
     <span class='ocr_line' id='line_1_12' title="bbox 174 1507 1194 1583; baseline 0.001 -16"><span class='ocrx_word' id='word_1_80' title='bbox 174 1515 315 1583; x_wconf 82' lang='lat' dir='ltr'><strong>praeterite</strong></span> <span class='ocrx_word' id='word_1_81' title='bbox 337 1514 389 1565; x_wconf 87' lang='lat' dir='ltr'><strong>sint</strong></span> <span class='ocrx_word' id='word_1_82' title='bbox 414 1527 462 1566; x_wconf 91' lang='lat' dir='ltr'><strong>nec</strong></span> <span class='ocrx_word' id='word_1_83' title='bbox 487 1512 603 1566; x_wconf 82' lang='lat' dir='ltr'><strong>redeant.</strong></span> <span class='ocrx_word' id='word_1_84' title='bbox 647 1508 694 1561; x_wconf 82' lang='lat' dir='ltr'><strong>list</strong></span> <span class='ocrx_word' id='word_1_85' title='bbox 720 1508 788 1561; x_wconf 86' lang='lat' dir='ltr'><strong>enim</strong></span> <span class='ocrx_word' id='word_1_86' title='bbox 813 1507 854 1561; x_wconf 89' lang='lat' dir='ltr'><strong>bic</strong></span> <span class='ocrx_word' id='word_1_87' title='bbox 879 1510 1023 1579; x_wconf 81' lang='lat' dir='ltr'><strong>oppositio,</strong></span> <span class='ocrx_word' id='word_1_88' title='bbox 1049 1519 1076 1566; x_wconf 88' lang='lat' dir='ltr'><strong>et</strong></span> <span class='ocrx_word' id='word_1_89' title='bbox 1101 1513 1194 1568; x_wconf 81' lang='lat' dir='ltr'><strong>distiu-</strong></span> 
     </span>
     <span class='ocr_line' id='line_1_13' title="bbox 175 1605 1193 1682; baseline 0.003 -17"><span class='ocrx_word' id='word_1_90' title='bbox 175 1614 234 1680; x_wconf 82' lang='lat' dir='ltr'><strong>guit</strong></span> <span class='ocrx_word' id='word_1_91' title='bbox 251 1617 329 1682; x_wconf 88' lang='lat' dir='ltr'><strong>poeta</strong></span> <span class='ocrx_word' id='word_1_92' title='bbox 345 1627 361 1663; x_wconf 91' lang='lat' dir='ltr'><strong>a</strong></span> <span class='ocrx_word' id='word_1_93' title='bbox 378 1611 495 1680; x_wconf 75' lang='lat' dir='ltr'><strong>principe</strong></span> <span class='ocrx_word' id='word_1_94' title='bbox 513 1610 628 1676; x_wconf 70' lang='lat' dir='ltr'><strong>Sibylla,</strong></span> <span class='ocrx_word' id='word_1_95' title='bbox 654 1608 688 1660; x_wconf 90' lang='lat' dir='ltr'><strong>de</strong></span> <span class='ocrx_word' id='word_1_96' title='bbox 712 1624 763 1674; x_wconf 84' lang='lat' dir='ltr'><strong>qna</strong></span> <span class='ocrx_word' id='word_1_97' title='bbox 788 1605 920 1676; x_wconf 84' lang='lat' dir='ltr'><strong>bucusque</strong></span> <span class='ocrx_word' id='word_1_98' title='bbox 943 1610 1057 1679; x_wconf 84' lang='lat' dir='ltr'><strong>dictum,</strong></span> <span class='ocrx_word' id='word_1_99' title='bbox 1083 1619 1193 1668; x_wconf 87' lang='lat' dir='ltr'><strong>ceteras.</strong></span> 
     </span>
     <span class='ocr_line' id='line_1_14' title="bbox 178 1710 1193 1778; baseline 0.002 -12"><span class='ocrx_word' id='word_1_100' title='bbox 178 1711 432 1767; x_wconf 71' lang='lat' dir='ltr'><strong>circumferebantur</strong></span> <span class='ocrx_word' id='word_1_101' title='bbox 449 1717 553 1778; x_wconf 89' lang='lat' dir='ltr'><strong>praeter</strong></span> <span class='ocrx_word' id='word_1_102' title='bbox 571 1710 683 1764; x_wconf 80' lang='lat' dir='ltr'><strong>carmina</strong></span> <span class='ocrx_word' id='word_1_103' title='bbox 702 1710 805 1778; x_wconf 86' lang='lat' dir='ltr'><strong>publice</strong></span> <span class='ocrx_word' id='word_1_104' title='bbox 822 1717 924 1763; x_wconf 83' lang='lat' dir='ltr'><strong>servate</strong></span> <span class='ocrx_word' id='word_1_105' title='bbox 942 1713 1018 1765; x_wconf 87' lang='lat' dir='ltr'><strong>etiarn</strong></span> <span class='ocrx_word' id='word_1_106' title='bbox 1043 1714 1093 1766; x_wconf 82' lang='lat' dir='ltr'><strong>alin</strong></span> <span class='ocrx_word' id='word_1_107' title='bbox 1112 1715 1193 1769; x_wconf 88' lang='lat' dir='ltr'><strong>multa</strong></span> 
     </span>
     <span class='ocr_line' id='line_1_15' title="bbox 178 1811 1195 1881; baseline 0.003 -14"><span class='ocrx_word' id='word_1_108' title='bbox 178 1814 322 1879; x_wconf 82' lang='lat' dir='ltr'><strong>Sibyllina,</strong></span> <span class='ocrx_word' id='word_1_109' title='bbox 349 1818 377 1865; x_wconf 86' lang='lat' dir='ltr'><strong>et</strong></span> <span class='ocrx_word' id='word_1_110' title='bbox 396 1814 528 1880; x_wconf 75' lang='lat' dir='ltr'><strong>Angustus</strong></span> <span class='ocrx_word' id='word_1_111' title='bbox 547 1817 640 1881; x_wconf 85' lang='lat' dir='ltr'><strong>postea</strong></span> <span class='ocrx_word' id='word_1_112' title='bbox 658 1827 738 1881; x_wconf 85' lang='lat' dir='ltr'><strong>super</strong></span> <span class='ocrx_word' id='word_1_113' title='bbox 756 1811 808 1864; x_wconf 88' lang='lat' dir='ltr'><strong>duo</strong></span> <span class='ocrx_word' id='word_1_114' title='bbox 828 1812 908 1864; x_wconf 89' lang='lat' dir='ltr'><strong>millia</strong></span> <span class='ocrx_word' id='word_1_115' title='bbox 927 1811 1088 1867; x_wconf 74' lang='lat' dir='ltr'><strong>fatidicorum</strong></span> <span class='ocrx_word' id='word_1_116' title='bbox 1114 1815 1195 1870; x_wconf 90' lang='lat' dir='ltr'><strong>libro·</strong></span> 
     </span>
     <span class='ocr_line' id='line_1_16' title="bbox 180 1914 1198 1982; baseline 0.005 -16"><span class='ocrx_word' id='word_1_117' title='bbox 180 1929 237 1966; x_wconf 81' lang='lat' dir='ltr'><strong>rurn</strong></span> <span class='ocrx_word' id='word_1_118' title='bbox 255 1914 351 1966; x_wconf 88' lang='lat' dir='ltr'><strong>Graeci</strong></span> <span class='ocrx_word' id='word_1_119' title='bbox 368 1914 508 1982; x_wconf 74' lang='lat' dir='ltr'>Latinique</span> <span class='ocrx_word' id='word_1_120' title='bbox 526 1916 630 1982; x_wconf 77' lang='lat' dir='ltr'><strong>generis</strong></span> <span class='ocrx_word' id='word_1_121' title='bbox 653 1919 787 1967; x_wconf 86' lang='lat' dir='ltr'><strong>contracte</strong></span> <span class='ocrx_word' id='word_1_122' title='bbox 812 1914 923 1980; x_wconf 84' lang='lat' dir='ltr'><strong>undique</strong></span> <span class='ocrx_word' id='word_1_123' title='bbox 940 1918 1072 1969; x_wconf 82' lang='lat' dir='ltr'><strong>cremavit.</strong></span> <span class='ocrx_word' id='word_1_124' title='bbox 1109 1917 1139 1970; x_wconf 91' lang='lat' dir='ltr'><strong>ln</strong></span> <span class='ocrx_word' id='word_1_125' title='bbox 1158 1916 1198 1970; x_wconf 86' lang='lat' dir='ltr'><strong>bin</strong></span> 
     </span>
     <span class='ocr_line' id='line_1_17' title="bbox 179 2013 1197 2085; baseline 0.002 -17"><span class='ocrx_word' id='word_1_126' title='bbox 179 2015 259 2068; x_wconf 90' lang='lat' dir='ltr'><strong>multa</strong></span> <span class='ocrx_word' id='word_1_127' title='bbox 283 2015 403 2084; x_wconf 76' lang='lat' dir='ltr'><strong>prodigia</strong></span> <span class='ocrx_word' id='word_1_128' title='bbox 426 2016 574 2085; x_wconf 78' lang='lat' dir='ltr'><strong>praedicte,</strong></span> <span class='ocrx_word' id='word_1_129' title='bbox 597 2030 664 2082; x_wconf 84' lang='lat' dir='ltr'><strong>qnae</strong></span> <span class='ocrx_word' id='word_1_130' title='bbox 681 2013 808 2067; x_wconf 89' lang='lat' dir='ltr'><strong>bellorum</strong></span> <span class='ocrx_word' id='word_1_131' title='bbox 829 2015 942 2068; x_wconf 78' lang='lat' dir='ltr'><strong>civilium</strong></span> <span class='ocrx_word' id='word_1_132' title='bbox 962 2020 1078 2083; x_wconf 89' lang='lat' dir='ltr'><strong>tempore</strong></span> <span class='ocrx_word' id='word_1_133' title='bbox 1095 2020 1197 2070; x_wconf 87' lang='lat' dir='ltr'><strong>terrue-</strong></span> 
     </span>
     <span class='ocr_line' id='line_1_18' title="bbox 180 2111 1198 2185; baseline 0.002 -18"><span class='ocrx_word' id='word_1_134' title='bbox 180 2121 241 2169; x_wconf 82' lang='lat' dir='ltr'><strong>runt</strong></span> <span class='ocrx_word' id='word_1_135' title='bbox 260 2116 368 2180; x_wconf 75' lang='lat' dir='ltr'><strong>animos,</strong></span> <span class='ocrx_word' id='word_1_136' title='bbox 386 2114 494 2168; x_wconf 74' lang='lat' dir='ltr'><strong>Lucili.</strong></span> <span class='ocrx_word' id='word_1_137' title='bbox 512 2114 534 2180; x_wconf 90' lang='lat' dir='ltr'><strong>l,</strong></span> <span class='ocrx_word' id='word_1_138' title='bbox 551 2115 622 2167; x_wconf 70' lang='lat'><strong>5⁶42</strong></span> <span class='ocrx_word' id='word_1_139' title='bbox 648 2111 771 2185; x_wconf 77' lang='lat' dir='ltr'><strong>Diraque</strong></span> <span class='ocrx_word' id='word_1_140' title='bbox 787 2129 836 2182; x_wconf 78' lang='lat' dir='ltr'><strong>per</strong></span> <span class='ocrx_word' id='word_1_141' title='bbox 852 2112 982 2183; x_wconf 84' lang='lat' dir='ltr'><strong>populum</strong></span> <span class='ocrx_word' id='word_1_142' title='bbox 1000 2117 1116 2167; x_wconf 80' lang='lat' dir='ltr'><strong><em>Cumaea</em></strong></span> <span class='ocrx_word' id='word_1_143' title='bbox 1136 2135 1198 2169; x_wconf 84' lang='lat' dir='ltr'><strong>cor·</strong></span> 
     </span>
     <span class='ocr_line' id='line_1_19' title="bbox 183 2215 1202 2287; baseline 0.005 -20"><span class='ocrx_word' id='word_1_144' title='bbox 183 2215 256 2267; x_wconf 84' lang='lat' dir='ltr'><strong>minu</strong></span> <span class='ocrx_word' id='word_1_145' title='bbox 270 2215 345 2268; x_wconf 71' lang='lat' dir='ltr'><strong>nuris</strong></span> <span class='ocrx_word' id='word_1_146' title='bbox 362 2215 529 2287; x_wconf 82' lang='lat' dir='ltr'><strong>Vulganrur.</strong></span> <span class='ocrx_word' id='word_1_147' title='bbox 567 2217 606 2268; x_wconf 76' lang='lat' dir='ltr'><strong>Ac</strong></span> <span class='ocrx_word' id='word_1_148' title='bbox 623 2215 744 2269; x_wconf 72' lang='lat' dir='ltr'><strong>Tibullus</strong></span> <span class='ocrx_word' id='word_1_149' title='bbox 762 2216 866 2284; x_wconf 84' lang='lat' dir='ltr'><strong>quidem</strong></span> <span class='ocrx_word' id='word_1_150' title='bbox 886 2216 950 2270; x_wconf 91' lang='lat' dir='ltr'><strong>baec</strong></span> <span class='ocrx_word' id='word_1_151' title='bbox 968 2216 1078 2271; x_wconf 78' lang='lat' dir='ltr'><strong>infauste</strong></span> <span class='ocrx_word' id='word_1_152' title='bbox 1097 2220 1202 2273; x_wconf 86' lang='lat' dir='ltr'><strong>orncnlu</strong></span> 
     </span>
     <span class='ocr_line' id='line_1_20' title="bbox 181 2313 1201 2385; baseline 0.006 -18"><span class='ocrx_word' id='word_1_153' title='bbox 181 2314 278 2370; x_wconf 86' lang='lat' dir='ltr'><strong>ceteris</strong></span> <span class='ocrx_word' id='word_1_154' title='bbox 300 2313 407 2381; x_wconf 78' lang='lat' dir='ltr'><strong>sibyllis</strong></span> <span class='ocrx_word' id='word_1_155' title='bbox 432 2314 539 2383; x_wconf 77' lang='lat' dir='ltr'><strong>tribuit,</strong></span> <span class='ocrx_word' id='word_1_156' title='bbox 568 2313 737 2385; x_wconf 76' lang='lat' dir='ltr'><strong>principalem</strong></span> <span class='ocrx_word' id='word_1_157' title='bbox 762 2330 823 2369; x_wconf 80' lang='lat' dir='ltr'><strong>vero</strong></span> <span class='ocrx_word' id='word_1_158' title='bbox 849 2316 975 2384; x_wconf 78' lang='lat' dir='ltr'><strong>Sibyllam</strong></span> <span class='ocrx_word' id='word_1_159' title='bbox 1001 2320 1093 2372; x_wconf 84' lang='lat' dir='ltr'><strong>statuit</strong></span> <span class='ocrx_word' id='word_1_160' title='bbox 1116 2319 1201 2373; x_wconf 81' lang='lat' dir='ltr'><strong>inuria</strong></span> 
     </span>
     <span class='ocr_line' id='line_1_21' title="bbox 183 2415 1203 2481; baseline 0.001 -13"><span class='ocrx_word' id='word_1_161' title='bbox 183 2415 310 2468; x_wconf 83' lang='lat' dir='ltr'><strong>Romania</strong></span> <span class='ocrx_word' id='word_1_162' title='bbox 342 2420 371 2467; x_wconf 89' lang='lat' dir='ltr'><strong>et</strong></span> <span class='ocrx_word' id='word_1_163' title='bbox 403 2416 471 2468; x_wconf 75' lang='lat' dir='ltr'><strong>laeua</strong></span> <span class='ocrx_word' id='word_1_164' title='bbox 503 2416 640 2481; x_wconf 84' lang='lat' dir='ltr'><strong>nuntiare,</strong></span> <span class='ocrx_word' id='word_1_165' title='bbox 676 2421 705 2467; x_wconf 89' lang='lat' dir='ltr'><strong>ut</strong></span> <span class='ocrx_word' id='word_1_166' title='bbox 739 2417 863 2469; x_wconf 80' lang='lat' dir='ltr'><strong>Vnunrus</strong></span> <span class='ocrx_word' id='word_1_167' title='bbox 899 2419 977 2470; x_wconf 88' lang='lat' dir='ltr'><strong>etiarn</strong></span> <span class='ocrx_word' id='word_1_168' title='bbox 1014 2419 1203 2472; x_wconf 77' lang='lat' dir='ltr'><strong>animadvertit.</strong></span> 
     </span>
     <span class='ocr_line' id='line_1_22' title="bbox 186 2494 1204 2585; baseline 0.007 -16"><span class='ocrx_word' id='word_1_169' title='bbox 186 2494 436 2582; x_wconf 73' lang='lat' dir='ltr'><strong>Quamquan‘euln</strong></span> <span class='ocrx_word' id='word_1_170' title='bbox 454 2514 559 2580; x_wconf 75' lang='lat' dir='ltr'><strong>genuini</strong></span> <span class='ocrx_word' id='word_1_171' title='bbox 583 2532 687 2584; x_wconf 83' lang='lat' dir='ltr'><strong>qnoque</strong></span> <span class='ocrx_word' id='word_1_172' title='bbox 705 2532 751 2569; x_wconf 90' lang='lat' dir='ltr'><strong>sen</strong></span> <span class='ocrx_word' id='word_1_173' title='bbox 772 2532 819 2585; x_wconf 90' lang='lat' dir='ltr'><strong>pro</strong></span> <span class='ocrx_word' id='word_1_174' title='bbox 838 2519 958 2583; x_wconf 77' lang='lat' dir='ltr'><strong>genuinis</strong></span> <span class='ocrx_word' id='word_1_175' title='bbox 978 2517 1059 2572; x_wconf 86' lang='lat' dir='ltr'><strong>bubitl</strong></span> <span class='ocrx_word' id='word_1_176' title='bbox 1079 2523 1135 2575; x_wconf 91' lang='lat' dir='ltr'><strong>libri</strong></span> <span class='ocrx_word' id='word_1_177' title='bbox 1154 2539 1204 2576; x_wconf 89' lang='lat' dir='ltr'><strong>nu·</strong></span> 
     </span>
     <span class='ocr_line' id='line_1_23' title="bbox 187 2614 1207 2684; baseline 0.007 -17"><span class='ocrx_word' id='word_1_178' title='bbox 187 2630 236 2684; x_wconf 92' lang='lat' dir='ltr'><strong>per</strong></span> <span class='ocrx_word' id='word_1_179' title='bbox 262 2614 366 2667; x_wconf 79' lang='lat' dir='ltr'><strong>collecti</strong></span> <span class='ocrx_word' id='word_1_180' title='bbox 394 2614 514 2683; x_wconf 78' lang='lat' dir='ltr'><strong>prodigio</strong></span> <span class='ocrx_word' id='word_1_181' title='bbox 542 2617 613 2671; x_wconf 85' lang='lat' dir='ltr'><strong>varin</strong></span> <span class='ocrx_word' id='word_1_182' title='bbox 641 2619 824 2671; x_wconf 84' lang='lat' dir='ltr'><strong>continuerunt</strong></span> <span class='ocrx_word' id='word_1_183' title='bbox 851 2614 918 2668; x_wconf 88' lang='lat' dir='ltr'><strong>band</strong></span> <span class='ocrx_word' id='word_1_184' title='bbox 947 2617 1040 2683; x_wconf 85' lang='lat' dir='ltr'><strong>dubie,</strong></span> <span class='ocrx_word' id='word_1_185' title='bbox 1069 2628 1207 2675; x_wconf 84' lang='lat' dir='ltr'><strong>tacuerunt</strong></span> 
     </span>
     <span class='ocr_line' id='line_1_24' title="bbox 189 2712 1205 2782; baseline 0.002 -17"><span class='ocrx_word' id='word_1_186' title='bbox 189 2712 254 2766; x_wconf 81' lang='lat' dir='ltr'><strong>boec</strong></span> <span class='ocrx_word' id='word_1_187' title='bbox 270 2712 331 2767; x_wconf 87' lang='lat' dir='ltr'><strong>XV.</strong></span> <span class='ocrx_word' id='word_1_188' title='bbox 340 2712 388 2766; x_wconf 79' lang='lat' dir='ltr'><strong>viri</strong></span> <span class='ocrx_word' id='word_1_189' title='bbox 405 2714 428 2767; x_wconf 93' lang='lat' dir='ltr'><strong>si</strong></span> <span class='ocrx_word' id='word_1_190' title='bbox 446 2715 581 2780; x_wconf 74' lang='lat' dir='ltr'><strong>legerunt,</strong></span> <span class='ocrx_word' id='word_1_191' title='bbox 600 2721 627 2769; x_wconf 92' lang='lat' dir='ltr'><strong>et</strong></span> <span class='ocrx_word' id='word_1_192' title='bbox 641 2716 792 2768; x_wconf 89' lang='lat' dir='ltr'><strong>nuntiarunt</strong></span> <span class='ocrx_word' id='word_1_193' title='bbox 809 2715 909 2767; x_wconf 90' lang='lat' dir='ltr'><strong>nonnisi</strong></span> <span class='ocrx_word' id='word_1_194' title='bbox 925 2730 993 2782; x_wconf 87' lang='lat' dir='ltr'><strong>qune</strong></span> <span class='ocrx_word' id='word_1_195' title='bbox 1011 2716 1134 2768; x_wconf 84' lang='lat' dir='ltr'><strong>aulularia</strong></span> <span class='ocrx_word' id='word_1_196' title='bbox 1152 2718 1205 2769; x_wconf 87' lang='lat' dir='ltr'><strong>rei-</strong></span> 
     </span>
    </p>
   </div>
   <div class='ocr_carea' id='block_1_3' title="bbox 189 2815 1212 3476">
    <p class='ocr_par' dir='ltr' id='par_1_4' title="bbox 189 2815 1212 3476">
     <span class='ocr_line' id='line_1_25' title="bbox 189 2815 1206 2888; baseline 0.002 -20"><span class='ocrx_word' id='word_1_197' title='bbox 189 2815 317 2884; x_wconf 82' lang='lat' dir='ltr'><strong>publicae,</strong></span> <span class='ocrx_word' id='word_1_198' title='bbox 341 2815 415 2869; x_wconf 89' lang='lat' dir='ltr'><strong>cuius</strong></span> <span class='ocrx_word' id='word_1_199' title='bbox 433 2818 537 2882; x_wconf 76' lang='lat' dir='ltr'><strong>generis</strong></span> <span class='ocrx_word' id='word_1_200' title='bbox 555 2824 615 2870; x_wconf 76' lang='lat' dir='ltr'><strong>sunit</strong></span> <span class='ocrx_word' id='word_1_201' title='bbox 633 2820 711 2871; x_wconf 86' lang='lat' dir='ltr'><strong>etiam</strong></span> <span class='ocrx_word' id='word_1_202' title='bbox 732 2818 927 2888; x_wconf 72' lang='lat' dir='ltr'><strong>procurationes</strong></span> <span class='ocrx_word' id='word_1_203' title='bbox 946 2816 1131 2885; x_wconf 80' lang='lat' dir='ltr'><strong>prodigiorum.</strong></span> <span class='ocrx_word' id='word_1_204' title='bbox 1166 2820 1206 2883; x_wconf 80' lang='lat' dir='ltr'><strong>Ac</strong></span> 
     </span>
     <span class='ocr_line' id='line_1_26' title="bbox 190 2914 1207 2983; baseline 0.001 -17"><span class='ocrx_word' id='word_1_205' title='bbox 190 2914 315 2967; x_wconf 76' lang='lat' dir='ltr'><strong>credibile</strong></span> <span class='ocrx_word' id='word_1_206' title='bbox 339 2930 397 2968; x_wconf 90' lang='lat' dir='ltr'><strong>cnm</strong></span> <span class='ocrx_word' id='word_1_207' title='bbox 423 2919 484 2983; x_wconf 88' lang='lat' dir='ltr'><strong>post</strong></span> <span class='ocrx_word' id='word_1_208' title='bbox 506 2916 650 2983; x_wconf 86' lang='lat' dir='ltr'><strong>antiquiora</strong></span> <span class='ocrx_word' id='word_1_209' title='bbox 675 2923 790 2970; x_wconf 84' lang='lat' dir='ltr'><strong>cremata</strong></span> <span class='ocrx_word' id='word_1_210' title='bbox 816 2917 921 2969; x_wconf 76' lang='lat' dir='ltr'><strong>oracula</strong></span> <span class='ocrx_word' id='word_1_211' title='bbox 949 2930 964 2968; x_wconf 92' lang='lat' dir='ltr'><strong>e</strong></span> <span class='ocrx_word' id='word_1_212' title='bbox 988 2916 1061 2968; x_wconf 83' lang='lat' dir='ltr'><strong>noris</strong></span> <span class='ocrx_word' id='word_1_213' title='bbox 1088 2914 1207 2967; x_wconf 78' lang='lat' dir='ltr'><strong>collectis</strong></span> 
     </span>
     <span class='ocr_line' id='line_1_27' title="bbox 191 3011 1207 3079; baseline -0.003 -11"><span class='ocrx_word' id='word_1_214' title='bbox 191 3014 310 3069; x_wconf 85' lang='lat' dir='ltr'><strong>delectus</strong></span> <span class='ocrx_word' id='word_1_215' title='bbox 327 3013 479 3079; x_wconf 80' lang='lat' dir='ltr'><strong>baberetur,</strong></span> <span class='ocrx_word' id='word_1_216' title='bbox 505 3013 589 3067; x_wconf 86' lang='lat' dir='ltr'><strong>eiecta</strong></span> <span class='ocrx_word' id='word_1_217' title='bbox 615 3020 643 3068; x_wconf 90' lang='lat' dir='ltr'><strong>et</strong></span> <span class='ocrx_word' id='word_1_218' title='bbox 666 3015 773 3068; x_wconf 83' lang='lat' dir='ltr'><strong>remissa</strong></span> <span class='ocrx_word' id='word_1_219' title='bbox 790 3015 841 3068; x_wconf 90' lang='lat' dir='ltr'><strong>iem</strong></span> <span class='ocrx_word' id='word_1_220' title='bbox 860 3020 914 3067; x_wconf 92' lang='lat' dir='ltr'><strong>tum</strong></span> <span class='ocrx_word' id='word_1_221' title='bbox 933 3012 1048 3066; x_wconf 71' lang='lat' dir='ltr'><strong>tristiora</strong></span> <span class='ocrx_word' id='word_1_222' title='bbox 1066 3012 1148 3065; x_wconf 83' lang='lat' dir='ltr'><strong>mulla</strong></span> <span class='ocrx_word' id='word_1_223' title='bbox 1166 3011 1207 3065; x_wconf 82' lang='lat' dir='ltr'><strong>ei-</strong></span> 
     </span>
     <span class='ocr_line' id='line_1_28' title="bbox 191 3108 1209 3181; baseline 0.002 -18"><span class='ocrx_word' id='word_1_224' title='bbox 191 3112 259 3178; x_wconf 74' lang='lat' dir='ltr'><strong>iam,</strong></span> <span class='ocrx_word' id='word_1_225' title='bbox 291 3119 321 3167; x_wconf 93' lang='lat' dir='ltr'><strong>ut</strong></span> <span class='ocrx_word' id='word_1_226' title='bbox 345 3114 473 3167; x_wconf 87' lang='lat' dir='ltr'><strong>contraria</strong></span> <span class='ocrx_word' id='word_1_227' title='bbox 500 3113 612 3165; x_wconf 86' lang='lat' dir='ltr'><strong>Romani</strong></span> <span class='ocrx_word' id='word_1_228' title='bbox 640 3114 741 3181; x_wconf 88' lang='lat' dir='ltr'><strong>imperii</strong></span> <span class='ocrx_word' id='word_1_229' title='bbox 772 3111 840 3168; x_wconf 81' lang='lat' dir='ltr'><strong>latis.</strong></span> <span class='ocrx_word' id='word_1_230' title='bbox 864 3140 898 3152; x_wconf 92' lang='lat'>-</span> <span class='ocrx_word' id='word_1_231' title='bbox 935 3108 1111 3165; x_wconf 76' lang='lat' dir='ltr'><strong>Amsltbes</strong></span> <span class='ocrx_word' id='word_1_232' title='bbox 1137 3110 1209 3180; x_wconf 88' lang='lat' dir='ltr'><strong>apud</strong></span> 
     </span>
     <span class='ocr_line' id='line_1_29' title="bbox 191 3209 1209 3278; baseline -0.004 -11"><span class='ocrx_word' id='word_1_233' title='bbox 191 3213 378 3267; x_wconf 71' lang='lat' dir='ltr'><strong>Laeuinum!</strong></span> <span class='ocrx_word' id='word_1_234' title='bbox 395 3213 417 3278; x_wconf 89' lang='lat'><strong>1,</strong></span> <span class='ocrx_word' id='word_1_235' title='bbox 435 3218 462 3265; x_wconf 81' lang='grc'><strong>6.</strong></span> <span class='ocrx_word' id='word_1_236' title='bbox 487 3218 528 3265; x_wconf 90' lang='lat' dir='ltr'><strong>est</strong></span> <span class='ocrx_word' id='word_1_237' title='bbox 547 3211 679 3276; x_wconf 79' lang='lat' dir='ltr'><strong>Cumana,</strong></span> <span class='ocrx_word' id='word_1_238' title='bbox 705 3212 751 3263; x_wconf 89' lang='lat' dir='ltr'><strong>sed</strong></span> <span class='ocrx_word' id='word_1_239' title='bbox 770 3211 889 3263; x_wconf 73' lang='lat' dir='ltr'><strong>Tibullus</strong></span> <span class='ocrx_word' id='word_1_240' title='bbox 914 3209 1051 3277; x_wconf 76' lang='lat' dir='ltr'><strong>distinguit</strong></span> <span class='ocrx_word' id='word_1_241' title='bbox 1071 3216 1209 3278; x_wconf 84' lang='lat' dir='ltr'><strong>utrumque</strong></span> 
     </span>
     <span class='ocr_line' id='line_1_30' title="bbox 191 3309 1211 3393; baseline 0.002 -30"><span class='ocrx_word' id='word_1_242' title='bbox 191 3312 258 3365; x_wconf 87' lang='lat' dir='ltr'><strong>alios</strong></span> <span class='ocrx_word' id='word_1_243' title='bbox 276 3317 397 3363; x_wconf 80' lang='lat' dir='ltr'><strong>auctorne</strong></span> <span class='ocrx_word' id='word_1_244' title='bbox 415 3319 530 3393; x_wconf 37' lang='lat' dir='ltr'><strong>secutus:</strong></span> <span class='ocrx_word' id='word_1_245' title='bbox 569 3312 685 3364; x_wconf 84' lang='lat' dir='ltr'><strong>Cumana</strong></span> <span class='ocrx_word' id='word_1_246' title='bbox 705 3313 789 3381; x_wconf 85' lang='lat' dir='ltr'><strong>potuit</strong></span> <span class='ocrx_word' id='word_1_247' title='bbox 807 3309 912 3363; x_wconf 88' lang='lat' dir='ltr'><strong>Tibullo</strong></span> <span class='ocrx_word' id='word_1_248' title='bbox 929 3310 1013 3363; x_wconf 85' lang='lat' dir='ltr'><strong>Demo</strong></span> <span class='ocrx_word' id='word_1_249' title='bbox 1031 3325 1105 3377; x_wconf 84' lang='lat' dir='ltr'><strong>esse,</strong></span> <span class='ocrx_word' id='word_1_250' title='bbox 1133 3326 1211 3377; x_wconf 88' lang='lat' dir='ltr'><strong>quam</strong></span> 
     </span>
     <span class='ocr_line' id='line_1_31' title="bbox 189 3406 1212 3476; baseline -0.005 -10"><span class='ocrx_word' id='word_1_251' title='bbox 189 3412 348 3466; x_wconf 77' lang='lat' dir='ltr'><strong>Pnusnuans</strong></span> <span class='ocrx_word' id='word_1_252' title='bbox 366 3408 439 3461; x_wconf 84' lang='lat' dir='ltr'><strong>nobis</strong></span> <span class='ocrx_word' id='word_1_253' title='bbox 457 3408 712 3474; x_wconf 76' lang='lat' dir='ltr'><strong>indicatX‚1u.-</strong></span> <span class='ocrx_word' id='word_1_254' title='bbox 730 3407 932 3476; x_wconf 82' lang='lat' dir='ltr'><strong>Marpessia.</strong></span> <span class='ocrx_word' id='word_1_255' title='bbox 968 3406 1031 3460; x_wconf 83' lang='lat' dir='ltr'><strong>Fuit</strong></span> <span class='ocrx_word' id='word_1_256' title='bbox 1047 3409 1212 3462; x_wconf 82' lang='lat' dir='ltr'><strong>Mermeeaua</strong></span> 
     </span>
    </p>
   </div>
   <div class='ocr_carea' id='block_1_4' title="bbox 189 3508 1221 4210">
    <p class='ocr_par' dir='ltr' id='par_1_5' title="bbox 189 3508 1221 4210">
     <span class='ocr_line' id='line_1_32' title="bbox 189 3508 1212 3578; baseline -0.001 -15"><span class='ocrx_word' id='word_1_257' title='bbox 189 3515 264 3565; x_wconf 81' lang='lat' dir='ltr'><strong>vicus</strong></span> <span class='ocrx_word' id='word_1_258' title='bbox 292 3513 318 3564; x_wconf 94' lang='lat' dir='ltr'><strong>in</strong></span> <span class='ocrx_word' id='word_1_259' title='bbox 342 3526 408 3578; x_wconf 77' lang='lat' dir='ltr'><strong>agro</strong></span> <span class='ocrx_word' id='word_1_260' title='bbox 431 3510 570 3576; x_wconf 72' lang='lat' dir='ltr'><strong>Gorgion,</strong></span> <span class='ocrx_word' id='word_1_261' title='bbox 598 3508 631 3561; x_wconf 86' lang='lat' dir='ltr'><strong>ei.</strong></span> <span class='ocrx_word' id='word_1_262' title='bbox 649 3511 728 3562; x_wconf 84' lang='lat' dir='ltr'><strong>Sum.</strong></span> <span class='ocrx_word' id='word_1_263' title='bbox 751 3523 772 3561; x_wconf 86' lang='lat' dir='ltr'><strong>s.</strong></span> <span class='ocrx_word' id='word_1_264' title='bbox 791 3523 831 3574; x_wconf 77' lang='lat' dir='ltr'><strong>n,</strong></span> <span class='ocrx_word' id='word_1_265' title='bbox 853 3509 904 3560; x_wconf 84' lang='lat' dir='ltr'><strong>alin</strong></span> <span class='ocrx_word' id='word_1_266' title='bbox 929 3511 1137 3577; x_wconf 88' lang='lat' dir='ltr'><strong>pronuntiatione</strong></span> <span class='ocrx_word' id='word_1_267' title='bbox 1162 3525 1212 3562; x_wconf 89' lang='lat' dir='ltr'><strong>no·</strong></span> 
     </span>
     <span class='ocr_line' id='line_1_33' title="bbox 192 3606 1211 3674; baseline 0 -15"><span class='ocrx_word' id='word_1_268' title='bbox 192 3609 284 3672; x_wconf 88' lang='lat' dir='ltr'><strong>ruinis,</strong></span> <span class='ocrx_word' id='word_1_269' title='bbox 309 3617 340 3661; x_wconf 88' lang='lat' dir='ltr'><strong>ut</strong></span> <span class='ocrx_word' id='word_1_270' title='bbox 356 3610 475 3662; x_wconf 76' lang='lat' dir='ltr'><strong>Eurum</strong></span> <span class='ocrx_word' id='word_1_271' title='bbox 493 3606 609 3670; x_wconf 81' lang='lat' dir='ltr'><strong>ridetur,</strong></span> <span class='ocrx_word' id='word_1_272' title='bbox 633 3607 711 3658; x_wconf 86' lang='lat' dir='ltr'><strong>etiam</strong></span> <span class='ocrx_word' id='word_1_273' title='bbox 731 3607 891 3674; x_wconf 82' lang='lat' dir='ltr'><strong>Marpeaaus</strong></span> <span class='ocrx_word' id='word_1_274' title='bbox 914 3606 1014 3674; x_wconf 89' lang='lat' dir='ltr'><strong>dictus,</strong></span> <span class='ocrx_word' id='word_1_275' title='bbox 1039 3607 1166 3673; x_wconf 83' lang='lat' dir='ltr'><strong>siquidem</strong></span> <span class='ocrx_word' id='word_1_276' title='bbox 1184 3606 1211 3659; x_wconf 91' lang='lat' dir='ltr'><strong>ln</strong></span> 
     </span>
     <span class='ocr_line' id='line_1_34' title="bbox 194 3701 1213 3768; baseline 0.005 -16"><span class='ocrx_word' id='word_1_277' title='bbox 194 3701 329 3756; x_wconf 89' lang='lat' dir='ltr'><strong>codicibus</strong></span> <span class='ocrx_word' id='word_1_278' title='bbox 355 3706 517 3761; x_wconf 81' lang='lat' dir='ltr'><strong>Pnusnurnu</strong></span> <span class='ocrx_word' id='word_1_279' title='bbox 544 3704 604 3757; x_wconf 86' lang='lat' dir='ltr'><strong>libr·</strong></span> <span class='ocrx_word' id='word_1_280' title='bbox 620 3702 655 3768; x_wconf 83' lang='lat' dir='ltr'><strong>X,</strong></span> <span class='ocrx_word' id='word_1_281' title='bbox 674 3706 716 3754; x_wconf 77' lang='lat'><strong>12.</strong></span> <span class='ocrx_word' id='word_1_282' title='bbox 741 3707 769 3755; x_wconf 91' lang='lat' dir='ltr'><strong>et</strong></span> <span class='ocrx_word' id='word_1_283' title='bbox 787 3702 945 3755; x_wconf 80' lang='lat' dir='ltr'><strong>anununrn</strong></span> <span class='ocrx_word' id='word_1_284' title='bbox 962 3706 979 3757; x_wconf 88' lang='grc' dir='ltr'><strong>Ι.</strong></span> <span class='ocrx_word' id='word_1_285' title='bbox 999 3722 1024 3757; x_wconf 85' lang='lat' dir='ltr'><strong>c.</strong></span> <span class='ocrx_word' id='word_1_286' title='bbox 1047 3704 1111 3757; x_wconf 91' lang='lat' dir='ltr'><strong>baec</strong></span> <span class='ocrx_word' id='word_1_287' title='bbox 1129 3702 1213 3757; x_wconf 86' lang='lat' dir='ltr'><strong>iornna</strong></span> 
     </span>
     <span class='ocr_line' id='line_1_35' title="bbox 194 3799 1216 3874; baseline 0.001 -23"><span class='ocrx_word' id='word_1_288' title='bbox 194 3799 334 3865; x_wconf 85' lang='lat' dir='ltr'><strong>reperitur,</strong></span> <span class='ocrx_word' id='word_1_289' title='bbox 350 3809 381 3853; x_wconf 94' lang='lat' dir='ltr'><strong>ut</strong></span> <span class='ocrx_word' id='word_1_290' title='bbox 397 3818 450 3857; x_wconf 85' lang='lat' dir='ltr'><strong>nou</strong></span> <span class='ocrx_word' id='word_1_291' title='bbox 465 3822 533 3874; x_wconf 88' lang='lat' dir='ltr'><strong>opus</strong></span> <span class='ocrx_word' id='word_1_292' title='bbox 550 3806 585 3858; x_wconf 86' lang='lat' dir='ltr'><strong>sit</strong></span> <span class='ocrx_word' id='word_1_293' title='bbox 603 3818 661 3857; x_wconf 89' lang='lat' dir='ltr'><strong>cnm</strong></span> <span class='ocrx_word' id='word_1_294' title='bbox 677 3802 880 3859; x_wconf 81' lang='lat' dir='ltr'><strong>Bnoucuuusro</strong></span> <span class='ocrx_word' id='word_1_295' title='bbox 899 3802 1042 3856; x_wconf 72' lang='lat' dir='ltr'><strong>rescribere</strong></span> <span class='ocrx_word' id='word_1_296' title='bbox 1056 3801 1216 3856; x_wconf 81' lang='lat' dir='ltr'><strong>Mermesu‘a</strong></span> 
     </span>
     <span class='ocr_line' id='line_1_36' title="bbox 194 3898 1215 3986; baseline 0.001 -34"><span class='ocrx_word' id='word_1_297' title='bbox 194 3898 230 3952; x_wconf 88' lang='lat' dir='ltr'><strong>de</strong></span> <span class='ocrx_word' id='word_1_298' title='bbox 247 3899 378 3952; x_wconf 83' lang='lat' dir='ltr'><strong>sententie</strong></span> <span class='ocrx_word' id='word_1_299' title='bbox 394 3903 530 3958; x_wconf 77' lang='lat' dir='ltr'><strong>Snuunssr</strong></span> <span class='ocrx_word' id='word_1_300' title='bbox 547 3906 678 3962; x_wconf 79' lang='lat' dir='ltr'><strong>Exercitt.</strong></span> <span class='ocrx_word' id='word_1_301' title='bbox 697 3905 766 3963; x_wconf 87' lang='lat' dir='ltr'><strong>Pliu.</strong></span> <span class='ocrx_word' id='word_1_302' title='bbox 785 3931 812 3986; x_wconf 80' lang='lat' dir='ltr'><strong>p.</strong></span> <span class='ocrx_word' id='word_1_303' title='bbox 825 3910 871 3964; x_wconf 74' lang='lat' dir='ltr'><strong>ib.</strong></span> <span class='ocrx_word' id='word_1_304' title='bbox 906 3902 1048 3957; x_wconf 86' lang='lat' dir='ltr'><strong>Probabile</strong></span> <span class='ocrx_word' id='word_1_305' title='bbox 1063 3916 1125 3956; x_wconf 83' lang='lat' dir='ltr'><strong>vero</strong></span> <span class='ocrx_word' id='word_1_306' title='bbox 1140 3901 1215 3955; x_wconf 82' lang='lat' dir='ltr'><strong>binr-</strong></span> 
     </span>
     <span class='ocr_line' id='line_1_37' title="bbox 196 4001 1218 4083; baseline 0.003 -30"><span class='ocrx_word' id='word_1_307' title='bbox 196 4001 310 4071; x_wconf 85' lang='lat' dir='ltr'><strong>pessiern</strong></span> <span class='ocrx_word' id='word_1_308' title='bbox 329 4016 397 4053; x_wconf 92' lang='lat' dir='ltr'><strong>uunc</strong></span> <span class='ocrx_word' id='word_1_309' title='bbox 416 4002 468 4056; x_wconf 91' lang='lat' dir='ltr'><strong>dici</strong></span> <span class='ocrx_word' id='word_1_310' title='bbox 485 4004 719 4076; x_wconf 64' lang='lat' dir='ltr'><strong>Herophilum</strong></span> <span class='ocrx_word' id='word_1_311' title='bbox 737 4005 960 4083; x_wconf 74' lang='lat' dir='ltr'><strong>quemadmodum</strong></span> <span class='ocrx_word' id='word_1_312' title='bbox 972 4002 1041 4074; x_wconf 83' lang='lat' dir='ltr'><strong>opud</strong></span> <span class='ocrx_word' id='word_1_313' title='bbox 1053 4004 1218 4058; x_wconf 79' lang='lat' dir='ltr'><strong>Psusnnussr</strong></span> 
     </span>
     <span class='ocr_line' id='line_1_38' title="bbox 196 4099 1221 4210; baseline 0.005 -57"><span class='ocrx_word' id='word_1_314' title='bbox 196 4119 225 4158; x_wconf 74' lang='lat' dir='ltr'><strong>se</strong></span> <span class='ocrx_word' id='word_1_315' title='bbox 248 4100 326 4153; x_wconf 80' lang='lat' dir='ltr'><strong>telem</strong></span> <span class='ocrx_word' id='word_1_316' title='bbox 346 4099 462 4153; x_wconf 75' lang='lat' dir='ltr'><strong>venditat</strong></span> <span class='ocrx_word' id='word_1_317' title='bbox 479 4102 537 4171; x_wconf 83' lang='lat' dir='ltr'><strong>ipsu</strong></span> <span class='ocrx_word' id='word_1_318' title='bbox 554 4105 570 4157; x_wconf 92' lang='lat' dir='ltr'><strong>l.</strong></span> <span class='ocrx_word' id='word_1_319' title='bbox 589 4108 651 4173; x_wconf 79' lang='lat' dir='ltr'><strong>cit-3</strong></span> <span class='ocrx_word' id='word_1_320' title='bbox 675 4114 747 4175; x_wconf 81' lang='lat' dir='ltr'><strong>qnod</strong></span> <span class='ocrx_word' id='word_1_321' title='bbox 773 4118 876 4210; x_wconf 51' lang='lat' dir='ltr'><strong>placuit</strong></span> <span class='ocrx_word' id='word_1_322' title='bbox 892 4109 1049 4171; x_wconf 80' lang='lat' dir='ltr'><strong>flnscnrro,</strong></span> <span class='ocrx_word' id='word_1_323' title='bbox 1075 4105 1221 4175; x_wconf 84' lang='lat' dir='ltr'><strong>suspicante</strong></span> 
     </span>
    </p>
   </div>
   <div class='ocr_carea' id='block_1_5' title="bbox 880 4219 948 4281">
    <p class='ocr_par' dir='ltr' id='par_1_6' title="bbox 880 4219 948 4281">
     <span class='ocr_line' id='line_1_39' title="bbox 880 4219 948 4281; baseline -0.132 0"><span class='ocrx_word' id='word_1_324' title='bbox 880 4219 948 4281; x_wconf 75' lang='lat' dir='ltr'><strong>‚ill</strong></span> 
     </span>
    </p>
   </div>
   <div class='ocr_carea' id='block_1_6' title="bbox 0 0 1548 4725">
    <p class='ocr_par' dir='ltr' id='par_1_7' title="bbox 0 0 1548 4725">
     <span class='ocr_line' id='line_1_40' title="bbox 0 0 1548 4725; baseline 0 0"><span class='ocrx_word' id='word_1_325' title='bbox 0 0 1548 4725; x_wconf 95' lang='lat' dir='ltr'><strong> </strong></span> 
     </span>
    </p>
   </div>
  </div>
 </body>
</html>
