3009 4725
22 1109 29 1148 l

1159 383 1241 447 vn'

164 591 327 664 laborem,
360 601 432 648 non
459 592 593 666 pomum
620 591 685 643 tato
715 580 820 644 officio
847 582 1024 680 interpretis
1052 583 1113 652 diei
1142 588 1196 654 de-

165 734 277 796 lnoeti.
328 725 441 806 Quare
469 723 640 810 optandum
671 737 718 788 eet
744 738 781 788 ut
799 727 996 810 frequentius
1013 730 1196 798 huiumodt

170 860 404 959 diamrieitionee
432 870 625 949 scribantur,
659 882 690 933 et
717 870 897 954 perficiatur
924 877 1089 939 communi,
1110 879 1195 942 vire·

173 1038 248 1081 rum
273 1016 436 1081 doctomm
470 1011 577 1079 erudio
606 1005 833 1099 baeequoque
853 1037 927 1099 pare
948 1019 1195 1089 hermeneuticee

176 1164 270 1229 nimie
288 1162 342 1227 diu
362 1165 511 1245 neglecta.
565 1162 687 1226 Verum
703 1162 744 1223 in
763 1163 848 1227 vlam
868 1163 974 1230 redeo.
1024 1167 1196 1253 Compoeut

173 1307 257 1371 enim
277 1315 438 1390 praeterea
458 1305 553 1368 etiam
576 1304 684 1367 Vitam
701 1304 837 1384 Tibulli,
861 1329 931 1371 cum
953 1331 1019 1374 nen
1040 1316 1196 1381 satisfacta

170 1463 222 1514 ret
242 1469 323 1535 quae
347 1447 431 1533 apud
452 1448 617 1534 Heynium
636 1449 752 1530 legimr
773 1448 941 1537 synopsim
969 1453 1101 1522 traditae
1122 1462 1197 1543 qui-

170 1591 244 1658 dem
270 1594 399 1657 notitiae
424 1615 545 1677 paneae
562 1606 655 1673 eunt,
682 1606 720 1657 ut
739 1607 876 1674 constat,
903 1596 1091 1664 videbantur
1119 1601 1195 1667 verb

173 1739 236 1803 alla
255 1738 436 1801 verisimilia
462 1735 536 1800 addi
560 1758 670 1820 posse,
703 1739 870 1801 constituto
898 1741 1056 1823 probabili
1084 1741 1195 1807 ordine

179 1880 366 1942 carminum.
402 1879 470 1944 ttec
491 1879 637 1947 declinari
658 1882 709 1946 hie
724 1883 816 1946 labor
827 1897 965 1966 poteret,
990 1883 1044 1950 sed
1059 1898 1126 1949 erat
1140 1907 1194 1950 ne·

174 2020 309 2086 aenaria
327 2039 406 2103 pare
423 2017 603 2103 provinciae
621 2037 801 2107 susceptae3
824 2044 898 2086 nam
916 2038 954 2088 ut
974 2029 1112 2105 singulae
1133 2031 1196 2091 ele·

170 2166 240 2247 gine
265 2177 299 2227 et
324 2163 426 2229 maela
453 2164 589 2228 externis
618 2176 649 2227 et
670 2165 801 2230 oonsilio
822 2165 947 2249 poetico
967 2151 1127 2250 eeriptorie
1148 2152 1197 2230 ni·

172 2319 298 2388 tantur,
318 2305 363 2371 eie
382 2304 479 2370 totino
494 2306 599 2389 operia
621 2307 789 2390 explicatio
810 2320 935 2392 praeter
952 2307 1196 2394 disputationem

174 2450 211 2514 de
238 2453 360 2517 ratione
393 2469 527 2534 poeseos
561 2449 718 2514 desiderat
749 2452 842 2514 etiam
868 2454 959 2517 Vitae
996 2467 1195 2538 conspectum
1236 2428 1245 2435 ’

170 2605 324 2678 quantum
348 2593 418 2658 lieri
444 2606 549 2679 potest
578 2596 777 2679 probabilem
799 2609 830 2661 et
851 2599 980 2663 clarum.
1023 2600 1127 2682 Atque
1146 2599 1195 2662 hie

169 2736 450 2800 Dieeermtionibue
471 2734 596 2801 duabua
625 2732 763 2821 denique
792 2740 885 2801 etiam
915 2761 967 2803 eae
996 2741 1195 2824 praestionee

167 2881 328 2964 persecuti
359 2903 481 2962 eumue,
516 2903 598 2967 quae
625 2884 710 2948 tertii
744 2896 775 2948 et
804 2883 910 2968 quarti
939 2883 1012 2946 libri
1044 2883 1195 2962 originem

167 3041 326 3111 apertam
345 3031 486 3112 poettdat
506 3029 589 3092 enim
604 3029 786 3093 huiusmodi
800 3049 852 3094 ree
865 3028 980 3114 partim
1002 3028 1197 3107 singulorum

167 3174 312 3236 looorum
343 3170 644 3253 considerationem,
675 3172 709 3239 id
736 3173 824 3262 quod
842 3174 886 3237 tn
907 3172 1137 3241 commentariis
1155 3171 1196 3265 ad

168 3314 239 3397 ipae
258 3316 314 3380 illa
334 3317 475 3381 earmina
496 3320 629 3401 laabim,
658 3321 773 3404 partim
803 3321 939 3384 maiores
967 3332 998 3383 et
1023 3318 1195 3399 generalio-

168 3477 223 3522 ree
242 3458 485 3544 disputationes,
518 3484 597 3546 quaa
624 3462 658 3525 in
679 3461 755 3526 Vita
773 3461 894 3525 Tibulli
923 3474 954 3523 et
982 3460 1016 3522 io
1037 3461 1194 3527 Disserta-

167 3602 256 3665 tione
275 3601 315 3666 de
334 3605 427 3688 poesi
448 3605 515 3668 eiua
533 3606 652 3688 legatie.
693 3606 788 3669 Albio
813 3605 920 3668 tribuo
942 3624 1012 3667 eom
1034 3603 1101 3665 aliie
1133 3602 1195 3662 ele·

169 3741 254 3824 gldia
277 3743 383 3828 quarti
407 3745 500 3825 libri,
531 3745 658 3813 tortium
675 3767 752 3810 vero
774 3745 891 3811 librum
922 3756 953 3808 et
972 3742 1196 3826 panegyricum

169 3866 393 3952 inMeoealam
423 3886 494 3954 dico
522 3902 608 3953 ortos
630 3889 757 3974 quidem
784 3901 815 3952 et
843 3886 942 3955 editoe
965 3887 1026 3949 isto
1048 3897 1197 3971 tempore,

171 4024 313 4090 sednon
334 4050 354 4091 a
377 4027 507 4094 Tibullo
530 4033 671 4115 scriptos.

258 4170 361 4254 Atque
380 4171 458 4236 haec
478 4171 605 4256 quidem
627 4184 715 4249 sunt,
737 4170 865 4255 quaein
887 4173 946 4235 hoc
962 4170 1046 4235 libro
1064 4191 1133 4232 meo
1150 4171 1198 4229 in·
