3009 4725
311 397 362 469 38
617 391 803 466 TlBULLl
836 393 921 467 ΠΒ.
943 395 968 467 Ι.
990 411 1032 467 to.

350 583 440 657 Pace
464 580 588 655 bidens
611 604 796 679 vomerque
820 581 954 682 vigent,
987 599 1023 657 at
1044 581 1156 658 tristia
1182 583 1262 660 duri

309 728 347 782 50
406 708 527 788 Militis
552 707 590 784 in
615 708 767 784 tenebris
793 729 941 813 occupat
967 740 1063 787 anna
1086 714 1193 804 situs,

349 841 512 918 Rusticus
537 866 556 914 e
580 837 728 939 lucoque
749 840 861 930 vehit,
893 840 982 917 male
1006 842 1143 917 sobrius
1168 843 1259 945 ipse,

397 973 547 1046 Uxorem
573 967 729 1071 plaustro
757 971 1028 1074 progeniemque
1050 971 1201 1047 domum.

348 1100 418 1176 Sed
443 1099 588 1174 Veneris
609 1116 692 1174 tunc
717 1097 809 1175 bella
836 1100 956 1191 calent,
980 1101 1175 1204 scissosque
1194 1079 1334 1205 capillos

384 1229 528 1305 Femina
553 1230 742 1331 perfractas
770 1232 1059 1334 conqueriturque
1079 1232 1192 1308 sores:

310 1359 430 1436 5⁵Flet
451 1378 584 1435 teneras
607 1359 751 1435 subtusa
777 1388 902 1460 genas,
935 1361 997 1436 secl
1022 1361 1129 1436 victor
1153 1379 1185 1436 et
1209 1362 1282 1462 ipse

400 1490 477 1565 Flet
498 1489 565 1566 sihi
588 1489 768 1564 dementes
786 1507 855 1565 tam
882 1490 1027 1566 valuisse
1052 1518 1185 1566 manus.

302 1675 309 1690 ,
349 1621 397 1696 At
416 1619 562 1696 lascivus
587 1619 697 1695 Amor
721 1620 815 1694 rixae
840 1620 930 1696 mala
955 1621 1060 1696 verba
1085 1621 1275 1710 ministrat,

404 1752 497 1825 luter
522 1768 555 1823 et
578 1750 703 1825 iratum
724 1748 836 1825 lentus
860 1769 1042 1854 utrumque
1068 1751 1172 1828 sedet

351 1879 407 1953 Ah
434 1878 522 1980 lapis
548 1896 599 1954 est
622 1881 832 1981 sertumque,
856 1909 954 1955 suam
971 1881 1167 1984 quicunque
1188 1878 1334 1983 pucilam

313 2023 350 2079 60
408 2008 591 2086 Verberat:
625 2035 643 2082 e
669 2007 764 2083 eaelo
789 2009 916 2112 deripit
940 2009 996 2085 ille
1018 2010 1110 2084 deos.

354 2140 408 2220 Sit
431 2140 514 2216 satis
538 2166 556 2213 e
582 2138 744 2214 membris
770 2156 905 2212 tenuem
931 2136 1148 2238 perscindens
1174 2150 1317 2223 vestem,

402 2270 457 2346 Sit
482 2270 564 2346 satis
591 2284 732 2344 ornatus
757 2265 954 2340 dissoluisse
978 2290 1112 2357 comae,

355 2403 409 2479 Sit
433 2401 590 2480 lacrimas
615 2397 761 2473 movisse
787 2394 887 2470 satis:
925 2382 1046 2497 quater
1070 2393 1137 2471 ille.
1151 2394 1272 2469 beatus

406 2533 488 2630 Quo
513 2549 629 2605 tenera
654 2528 742 2601 irato
767 2524 849 2601 flere
875 2523 988 2628 puella
1015 2542 1134 2627 potest.

314 2662 428 2739 &Sed
443 2658 602 2735 manibus
619 2657 679 2760 qui
698 2685 818 2732 saevus
836 2656 910 2747 erit,
932 2673 1136 2757 scutumque
1149 2653 1337 2757 sudemque

408 2794 442 2866 ls
468 2808 565 2891 gerat
589 2807 622 2864 et
647 2789 721 2863 miti
746 2788 792 2862 sit
816 2785 937 2889 procul
963 2815 983 2862 a
1005 2791 1145 2864 Venere.

354 2920 401 2996 At
422 2919 544 3010 nobis,
574 2919 646 2993 Pax
672 2915 781 3007 alma,
812 2916 888 2990 veni
913 2915 1112 3018 spicamque
1136 2932 1266 3004 nnete,

407 3049 557 3126 Perfluat
583 3067 615 3123 et
636 3046 748 3150 pomis
773 3044 942 3120 candidus
965 3063 1043 3121 ante
1069 3047 1174 3120 sinus.

389 3288 422 3342 V.
434 3289 479 3341 61.
503 3283 731 3356 perscindere
756 3281 830 3349 tren,
857 3281 927 3351 qued
949 3282 1088 3336 rtotenttne
1112 3280 1216 3333 nestoris
1238 3280 1338 3347 signttt-

317 3386 447 3441 cstionem
471 3384 558 3439 habet.
594 3383 692 3438 Lenius
715 3380 878 3447 rescindere,
903 3382 983 3448 vulgo
1005 3380 1038 3434 de
1057 3379 1207 3433 coniectura
1225 3378 1337 3431 Hernsn

319 3486 424 3538 lectum.

391 3601 482 3654 ΗΘ.
506 3599 670 3654 Perfluat
693 3604 773 3651 recte.
810 3597 860 3650 Atii
881 3595 1017 3664 pereffluat,
1042 3590 1113 3657 qued
1135 3591 1247 3642 Vossius
1271 3592 1339 3643 mate
1399 3660 1403 3667 ἱ

319 3701 419 3769 recepit
438 3705 466 3753 et
486 3699 615 3754 Brennus.

650 3898 1010 3931 -·-·—-····—
