3009 4725
605 423 790 491 TlssULLl.
1067 450 1207 493 etxxxm

183 607 223 666 sic
246 625 297 682 ego
317 613 394 665 naus
419 619 479 662 ero.
530 595 591 662 sed
618 598 663 660 ibi
685 605 775 682 possis
796 611 842 661 est
866 597 1093 664 restituendum
1121 600 1206 663 baud

184 716 293 793 dubie,
315 716 450 777 eiectum
475 734 494 775 a
515 712 734 788 Laebmanno3
767 714 854 775 nulla
873 713 956 775 enim
978 712 1093 775 idonea
1114 733 1207 776 causa

184 840 230 889 est
252 849 350 909 quare
372 824 489 891 diversi
511 825 597 888 modi
620 846 686 888 esse
708 824 843 887 debeant
871 822 1009 909 (posses,
1030 824 1206 907 displiceas)

185 939 220 999 in
249 938 357 1002 eadem
384 961 437 1015 re,
473 949 569 1021 atque
597 960 671 1002 usus
695 939 814 1001 Tibulli
842 940 975 1002 formam
1006 938 1114 1001 directi
1141 941 1206 1001 voti

187 1057 294 1112 υίίηαηι
315 1058 403 1134 posss's
425 1053 579 1133 postulat,
610 1063 646 1114 ut
666 1073 751 1113 nunc
776 1052 900 1115 senties.
949 1053 1039 1115 Alter
1059 1055 1146 1115 locus
1168 1051 1206 1114 de

190 1185 256 1248 quo
277 1162 459 1242 dicendum,
477 1166 589 1246 legitur
610 1167 634 1242 l,
649 1172 679 1243 9,
692 1171 750 1228 39:
782 1167 860 1248 Quid
872 1165 1007 1247 sociam,
1032 1171 1086 1227 nisi
1104 1179 1130 1228 et
1150 1171 1206 1249 ipse

177 1276 263 1358 fieres
276 1283 304 1338 in
323 1299 420 1340 oraora
435 1280 569 1361 puellae?
604 1280 661 1340 ubi
680 1279 740 1340 alia
757 1279 849 1341 lectio
870 1281 948 1364 Quid
960 1279 1090 1361 facerem
1112 1282 1205 1359 vulgo

183 1404 321 1473 recepta.
356 1389 419 1455 Sed
434 1395 539 1474 probo
557 1390 644 1475 quod
659 1393 818 1457 revocavit
834 1392 1065 1456 Laclsmanuus.
1105 1397 1206 1457 Iratus

184 1516 220 1566 ut
244 1517 305 1582 est,
334 1504 473 1587 primum
498 1525 609 1569 revera
634 1503 758 1567 dubitat
781 1505 857 1588 quid
881 1508 989 1584 iaciat,
1018 1506 1131 1571 deinde
1154 1529 1206 1568 re-

186 1615 308 1680 cordari
336 1620 441 1700 coepit
470 1617 548 1701 quid
579 1620 700 1696 obstet,
732 1620 787 1701 qui
814 1632 916 1683 motus
946 1617 1042 1684 aniuti
1070 1623 1205 1684 maxime

184 1730 396 1792 Tibullianus.
435 1729 562 1794 Tertius
583 1732 691 1808 locus,
719 1753 813 1815 quem
837 1732 1018 1811 considero,
1047 1748 1092 1797 est
1115 1736 1154 1812 ll,
1176 1741 1205 1810 3,

188 1848 312 1923 5sqq-z
339 1844 365 1904 0
386 1864 448 1922 ego,
467 1865 531 1905 eum
547 1845 722 1927 adspicerem
741 1846 895 1922 dominnm,
917 1869 1004 1930 quam
1017 1847 1132 1928 fortiter
1151 1850 1204 1908 illie

189 1955 337 2016 Versnrms
354 1955 447 2018 solido
464 1960 690 2038 pugnaturae
709 1959 798 2020 sobam
813 1970 871 2019 cet.
913 1960 972 2020 Hic
990 1959 1073 2019 enim
1093 1959 1203 2020 stoicus

186 2079 234 2129 est
261 2067 294 2128 in
324 2063 377 2130 his'
403 2069 607 2148 carminibus,
639 2070 696 2133 ubi
724 2068 862 2133 deseruit
890 2091 1009 2134 morem
1036 2089 1129 2131 suum
1149 2071 1205 2131 Ti·

183 2181 301 2244 bullus.
350 2179 434 2244 Nam
457 2203 514 2245 cur
536 2203 603 2246 non
624 2205 773 2266 praesens
794 2186 901 2268 posuit
921 2187 954 2247 iu
975 2183 1110 2267 protasi:
1140 2204 1204 2244 cum

183 2296 353 2379 adspicimus,
380 2307 413 2359 ut
432 2296 465 2357 in
488 2297 706 2381 superioribus
727 2294 901 2384 exemplis?
944 2298 1089 2364 Fortasse
1112 2297 1204 2360 etiam

182 2411 243 2472 hoe
264 2424 429 2489 mutasset,
460 2413 487 2474 si
508 2414 649 2474 ultimam
672 2435 800 2477 manum
825 2412 1013 2479 admovisset
1039 2411 1111 2475 huic
1136 2434 1204 2474 esr-

184 2524 272 2586 mini.
318 2526 447 2609 lamque
481 2527 695 2607 percurrimus
724 2528 848 2608 omnia,
876 2528 916 2593 de
938 2529 1053 2613 quibus
1074 2528 1125 2590 bic
1148 2548 1202 2589 ex·

183 2635 365 2719 plicandum
393 2639 472 2718 iuit3
507 2640 617 2703 miram
647 2641 806 2724 quandam
837 2641 1019 2723 opinionem
1048 2641 1203 2704 Huschkii

183 2748 225 2811 de
252 2752 324 2813 loeo
352 2750 384 2828 1,
403 2757 440 2831 2,
462 2756 512 2815 68.
538 2753 585 2815 ibi
610 2755 779 2816 refutatam
805 2752 888 2815 vide.
939 2754 1045 2833 Vulgo
1069 2776 1141 2818 eum
1163 2753 1201 2816 sle

181 2863 452 2927 enuntiationibus
471 2863 736 2931 conditionalibus
761 2868 934 2951 explicant,
963 2886 1076 2949 parum
1097 2887 1202 2929 recor·

182 2974 298 3039 dantur
318 2980 395 3041 haec
417 2979 541 3061 poetica
563 2982 725 3063 exempla,
747 2982 802 3044 ubi
823 2979 947 3045 diversa
969 2992 1042 3042 sunt
1063 2989 1202 3058 tempora

181 3090 216 3151 in
248 3091 357 3155 eadem
385 3095 560 3174 sententia,
599 3115 663 3178 quo
694 3095 791 3175 magis
820 3093 859 3157 de
888 3094 926 3156 iis
956 3093 1007 3156 hie
1036 3089 1201 3155 dicandum

180 3205 253 3267 fuit.
302 3206 465 3270 Ttbullum
489 3227 569 3270 vero
596 3221 672 3290 puta
699 3230 766 3273 non
794 3228 877 3272 vano
906 3207 1074 3288 elegantiae
1098 3205 1201 3268 studio

182 3318 336 3400 deditum,
360 3319 414 3383 sed
435 3321 599 3403 phantasia
620 3321 725 3386 vivida
744 3344 802 3386 sua
822 3320 968 3401 ductum,
992 3333 1027 3382 ut
1048 3321 1201 3403 hypothe-

180 3431 259 3495 ticas
280 3433 509 3497 enuntiationes
530 3434 694 3499 nervosius
717 3436 936 3498 coniormaret.
976 3433 1043 3495 lam
1065 3432 1103 3495 ad
1127 3435 1201 3495 alias

180 3566 231 3609 res
252 3547 466 3627 grammaticas
487 3545 677 3611 enarrandas
697 3569 806 3630 pergo.
850 3545 1054 3611 ludicativum
1072 3547 1106 3608 iu
1125 3567 1201 3609 con·

181 3658 353 3722 structione
378 3659 509 3743 obliqua
538 3662 634 3723 semel
662 3661 770 3744 posuit
789 3661 901 3726 Albius
926 3662 1114 3739 11,4‚1s.‚
1145 3658 1201 3742 qui

181 3769 328 3851 iraquens
350 3770 435 3851 apud
451 3771 651 3854 Propertium
672 3785 704 3836 et
724 3775 820 3850 alios,
850 3772 934 3837 unde
955 3773 1048 3835 etiam
1067 3771 1201 3834 varieta-

181 3892 242 3941 tem
268 3881 438 3946 modorum
460 3904 525 3947 non
548 3887 643 3949 habat
663 3886 919 3968 Propertianam3
949 3904 986 3947 ea
1009 3884 1104 3946 semel
1126 3891 1201 3944 usus

179 4004 225 4055 est
251 3994 435 4079 Lygdamus
462 3997 523 4075 lll,
548 4004 728 4077 1,19.2o.
777 3999 879 4063 Etiam
908 4009 1050 4077 tempora
1078 3994 1201 4059 diversa

179 4106 276 4170 solius
300 4110 487 4174 variationis
514 4131 606 4173 causa
630 4112 753 4194 saepius
776 4111 876 4190 iungit
899 4109 1098 4193 Propertius,
1129 4131 1158 4174 v.
1175 4128 1201 4171 e.
