3009 4725
483 293 593 358 LIBR.
614 294 672 359 lv.
713 293 844 359 CARM.
864 295 908 360 X.
1141 297 1204 357 457

189 465 407 519 contentissime
423 465 589 532 unciilnrunr,
615 469 646 519 ut
663 480 680 519 e
695 465 843 520 Punonro
861 482 885 520 c.
905 466 967 520 lun.
985 464 1082 533 liquet,
1109 464 1205 518 collato

189 565 374 618 Bourrrersno
398 566 425 618 in
450 566 540 619 Sabin.
563 566 640 619 Torn.
657 565 692 620 11.
717 569 858 635 pag-104.
894 565 961 619 Ernt
976 582 1041 620 roro
1059 564 1206 638 quasillum

193 661 318 730 coluthus,
336 666 362 717 in
380 681 433 732 quo
451 667 560 718 nncillue
579 682 658 735 pensu
675 666 767 719 diurun
784 666 953 735 reponebant,
970 665 1004 720 cl.
1023 665 1140 719 luudutos
1156 666 1207 719 ienr

189 762 222 813 ub
240 762 299 815 uiiis
315 763 471 832 interpretes
488 763 522 816 ud
539 765 684 821 Prorsssr.
702 766 749 832 lv,
767 772 793 832 7,
811 769 856 820 41.
881 771 909 820 et
925 764 959 819 nd
978 766 1075 819 cicun.
1091 763 1205 832 Philipp.

37 916 38 923 χ
117 917 120 922 ,
188 858 236 923 lil,
253 862 279 912 4.
316 860 355 912 Ac
371 859 456 929 premi
473 860 591 932 quasillo
609 871 650 916 est
667 869 776 928 tenere,
804 871 925 932 portare,
954 863 1122 918 circumferre
1140 877 1207 930 quu-

188 958 272 1010 sillunr
291 975 371 1025 greve
387 961 455 1013 leun.
489 960 629 1015 Postremo
646 978 755 1028 moneo,
782 965 852 1033 quod
870 967 928 1035 ipse
946 964 1049 1031 vidisti,
1073 979 1115 1018 me
1133 963 1207 1016 initio

190 1058 334 1109 sententiae
358 1057 463 1111 lectioni
483 1058 522 1111 sit
545 1062 699 1130 praetulisse
717 1063 893 1119 coniecturum
912 1065 1026 1119 Hurrrsrr
1043 1065 1088 1130 si,
1115 1068 1208 1132 utpote

190 1155 282 1207 melius
308 1158 502 1211 convenientem
531 1160 622 1211 rationi
652 1159 781 1213 carminis.
830 1161 913 1213 Ridet
939 1163 1027 1229 puelle
1056 1160 1207 1214 Corinthum

189 1255 259 1323 quod
277 1256 352 1309 nimis
369 1273 477 1309 securus
493 1258 528 1309 sit
546 1255 579 1308 de
597 1257 685 1309 levore
703 1273 762 1311 suo.
797 1257 894 1324 Etrus,
912 1260 964 1326 uit,
983 1259 1053 1326 quod
1071 1266 1207 1312 ueternum

189 1355 275 1407 eredis
291 1355 405 1408 furorem
423 1370 518 1408 meum.
553 1356 584 1406 Si
606 1362 634 1406 tu
658 1356 735 1408 elisur
760 1372 847 1422 umes,
871 1366 931 1411 sunt
949 1363 1026 1413 etium
1045 1359 1106 1413 milri
1124 1359 1210 1412 admi·

189 1460 299 1508 ratores.
334 1455 382 1506 Sin
400 1468 483 1521 ponus
501 1451 555 1509 sir,
572 1451 656 1505 diecti
683 1450 779 1505 heheu
797 1454 845 1506 tibi
863 1457 942 1521 alins,
959 1455 1021 1509 nihii
1040 1458 1138 1523 refert,
1157 1472 1210 1510 non

192 1554 285 1622 doleo,
311 1561 372 1607 sunt
391 1553 453 1607 milri
475 1554 520 1606 ulii
543 1552 721 1606 admiratores.
757 1552 812 1607 Sed
836 1552 901 1609 haec
918 1571 970 1609 non
988 1562 1029 1609 est
1046 1572 1119 1610 mens
1138 1558 1211 1623 eius3

191 1671 283 1709 revere
300 1654 373 1709 dolet
396 1662 424 1708 et
443 1669 477 1707 ne
499 1654 597 1707 ironice
614 1654 719 1721 quidem
737 1656 890 1724 permittere
912 1656 967 1708 vult
984 1655 1064 1709 credo
1082 1653 1152 1722 quod
1172 1657 1211 1708 sic

191 1757 373 1826 ponimns-
402 1757 536 1824 V.5sq.'
564 1756 723 1811 Solliciti
748 1761 827 1810 suut
854 1772 914 1825 pro
937 1757 1045 1810 nobis.
1080 1757 1122 1810 De
1145 1772 1209 1810 con-

191 1859 335 1911 struetione
363 1857 608 1910 Wuunsnurcurus
635 1855 737 1908 coniert
762 1854 860 1908 Tucrr.
884 1853 955 1907 Hist.
979 1855 1102 1920 1v‚ee=
1130 1855 1211 1906 Nuu-

191 1974 274 2028 quum
290 1956 367 2028 opud
383 1975 431 2009 vos
448 1954 529 2009 verbo
541 1954 616 2029 feci,
641 1965 693 2007 uul
712 1973 765 2025 pro
789 1953 863 2008 vobis
880 1952 1020 2006 sollicitior
1036 1963 1088 2006 out
1101 1970 1153 2022 pro
1170 1971 1211 2005 me

192 2056 318 2108 securior·
353 2056 486 2110 Hururus
511 2070 544 2108 ex
569 2055 657 2108 Geliio
674 2052 749 2119 XIX,
769 2057 800 2106 1:
825 2050 960 2104 sollicitus
974 2068 1026 2121 pro
1048 2051 1107 2104 vitu
1126 2051 1211 2116 effert,

189 2160 219 2207 et
239 2154 402 2208 floremus
420 2169 455 2207 ex
473 2154 594 2223 Appulei·
614 2154 680 2207 Met
699 2153 731 2208 V.
750 2169 778 2220 p·
797 2155 848 2205 992
876 2149 1012 2204 corculus
1024 2169 1077 2221 pro
1094 2159 1146 2201 tua
1163 2167 1212 2201 su-

191 2249 250 2302 lurs
267 2253 400 2305 sollicitis.
417 2280 454 2292 -
485 2254 561 2309 Quue
578 2256 722 2320 sequuntur
740 2250 834 2303 verber
860 2250 986 2316 quibus
1010 2250 1072 2302 illu
1097 2248 1212 2302 dolori

193 2331 262 2411 est,
290 2348 359 2400 relcr
376 2348 410 2400 ud
428 2350 556 2401 sollicitos
574 2352 632 2401 ilios
650 2351 821 2404 admiratores
838 2351 987 2420 Sulpiciae,
1014 2351 1058 2418 qni
1075 2349 1213 2418 indignen-

193 2447 236 2495 tur
253 2443 329 2495 vilem
348 2444 418 2495 illem
436 2445 482 2495 teli
506 2446 593 2511 puella
617 2446 745 2511 potiorem
770 2445 869 2500 heberi.
913 2450 1036 2502 Postulat
1057 2448 1108 2503 lroc
1133 2451 1211 2503 etium

193 2543 339 2612 oppositio:
363 2542 394 2595 Si
413 2550 456 2608 tn,
475 2542 573 2608 inquit,
590 2541 707 2609 praefers
723 2542 802 2593 vilem
821 2543 947 2608 puellaru',
966 2551 1027 2596 sunt
1044 2554 1134 2600 contro
1150 2547 1212 2601 milri

192 2644 270 2697 enrici
287 2643 360 2696 exosi
379 2642 464 2708 ilium,
491 2643 535 2708 qui
553 2642 644 2694 nolunt
662 2657 704 2694 me
727 2640 823 2694 cedere
843 2646 870 2693 et
890 2641 1040 2707 posthaberi
1058 2645 1104 2695 tuli
1121 2647 1212 2711 ignoto

192 2750 252 2800 toro
270 2750 297 2797 et
314 2745 419 2809 colunt,
437 2741 564 2795 honorent
581 2743 641 2795 dutu
659 2758 748 2811 opere.
785 2740 827 2794 Ne
844 2741 937 2807 iungas
955 2741 1035 2807 igitur
1052 2756 1110 2793 cum
1130 2742 1210 2794 Hur-

193 2860 243 2896 uro
261 2842 358 2895 nobis
370 2840 553 2909 -quibus,
573 2841 598 2893 in
618 2856 670 2907 quo
689 2840 767 2893 etium
785 2839 848 2892 illud
868 2838 996 2908 displicet,
1014 2838 1084 2906 quod
1098 2840 1215 2908 Sulpicia

194 2941 294 2995 directe
319 2940 416 2994 letetur
441 2940 525 2994 dolori
549 2940 598 2995 sibi
624 2956 683 2994 esse
708 2944 784 2995 istum
811 2942 897 2994 vilem.
933 2940 991 2994 Neo
1016 2939 1108 2992 latebit
1132 2940 1215 2994 tosio

196 3040 246 3094 hoo
270 3042 347 3095 colon
372 3041 479 3094 omuino
505 3042 595 3094 inutile
620 3047 647 3094 et
671 3041 785 3096 ieiunum
806 3040 1009 3092 additamentum
1024 3038 1090 3091 fieri.
1134 3026 1216 3091 Cete-

195 3155 252 3193 rum
272 3139 356 3192 dolori
372 3158 429 3192 esse
446 3138 529 3192 olicus
548 3146 603 3193 est:
632 3141 670 3192 iru
694 3141 808 3193 efficere.
826 3167 863 3179 —
892 3137 993 3192 Verba:
1022 3135 1072 3189 Ne
1098 3134 1215 3188 cedern

196 3239 317 3308 ignoto
344 3245 434 3308 toro,
467 3243 535 3294 mute
559 3242 719 3295 Huscnrrrus
746 3255 805 3292 cunr
832 3240 916 3293 surico
944 3237 1053 3290 Hsruu
1085 3236 1215 3304 explicati

193 3356 228 3395 ne
251 3341 312 3407 libi,
341 3320 452 3395 obscuro
474 3342 585 3406 homini,
611 3342 721 3404 nubum,
746 3341 819 3405 quusi
837 3340 899 3392 tulin
920 3337 1006 3393 rerbu'
1020 3352 1104 3405 nequo
1127 3338 1213 3389 enirno

194 3443 264 3496 lerre
283 3441 422 3495 Corinthus
441 3441 564 3510 potuerit.
609 3439 768 3492 Stultissime
786 3440 877 3492 luisset
894 3440 1011 3510 Sulpicia
1029 3438 1090 3490 teliu
1109 3437 1215 3498 inciens,

193 3541 331 3593 vilissimus
349 3541 427 3595 horno
447 3537 601 3603 Corinthus,
618 3540 641 3591 sl
660 3540 749 3594 intuli
770 3545 904 3593 contemtu
923 3556 972 3593 non
992 3538 1156 3589 discessisset
1173 3535 1214 3584 in-

193 3636 381 3703 dignabundus.
418 3639 540 3691 Ceterum
566 3638 711 3704 ignotus
737 3644 833 3691 torus
857 3652 936 3702 supra
954 3636 1039 3686 dictus
1056 3632 1104 3697 ΙΙΙ,
1123 3635 1149 3696 6,
1167 3635 1211 3684 60.

193 3734 410 3798 quemadmodum
428 3740 531 3790 Greece
550 3739 629 3793 toties
647 3741 721 3809 illoc
739 3739 774 3791 de
792 3739 878 3788 nmetn
896 3740 942 3785 eut
960 3739 1060 3797 umato,
1079 3731 1112 3784 de
1133 3745 1215 3785 uxore

194 3839 240 3885 snt
258 3835 359 3886 merito·
378 3862 415 3874 -
438 3836 583 3890 mnxiure
600 3859 711 3904 caup„
749 3834 828 3895 Quod
849 3832 923 3885 multi
940 3831 1082 3899 probarunt
1099 3828 1217 3880 maximo

194 3950 277 3991 cura,
304 3932 441 3986 manifesto
465 3936 567 3992 tenuius
592 3961 635 4014 epp
660 3966 687 4021 ep
712 3940 827 4007 debilia·
846 3932 899 3986 hoc
921 3931 1029 3986 fortiore
1046 3936 1074 3983 et
1090 3928 1218 3999 pondero-

194 4037 263 4090 siore
281 4036 376 4101 verbo,
394 4035 463 4103 qood
481 4036 545 4096 bene
564 4047 605 4121 1¹A
610 4068 764 4146 cuum,
784 4038 933 4103 revocarit.
965 4032 1019 4089 Eut
1031 4048 1093 4087 uero
1109 4028 1223 4084 maxima
