3009 4725
335 406 396 463 tot
572 403 854 472 contntENTnR.
874 410 919 474 IN
941 412 1114 475 TlBULLl

332 573 455 629 Pinnttt.
473 575 506 628 T.
526 575 559 629 ll.
584 594 609 645 p.
629 581 692 633 192.
708 581 773 632 2⁹2·
791 585 859 636 636:
893 582 1043 636 Videbimus
1061 599 1116 637 rem
1135 588 1214 641 etlam
1232 590 1300 647 infra
1318 595 1352 662 tl,

331 677 358 738 a,
381 677 421 727 tt.
439 680 467 726 et
484 675 532 739 lll,
549 678 576 740 4,
593 679 638 728 49.
657 681 683 740 6,
701 682 729 729 ll.
747 685 776 731 et
792 683 836 730 26.
873 681 944 733 Satin
963 681 1084 749 frequens
1101 682 1150 736 lton
1167 699 1251 750 genoe
1269 691 1353 744 inter-

332 774 475 841 positionis.
512 778 598 841 Atque
622 774 686 828 ltaec
709 775 894 829 bretonum-
925 783 1030 833 multo
1058 797 1162 846 mero,
1187 791 1264 836 tento
1288 805 1351 841 casu

331 890 433 928 cautam
452 877 627 942 significante,
646 884 674 929 ut
692 878 774 930 Ovio.
793 879 874 931 Trist
891 879 938 944 Ill,
955 886 981 944 tt,
1001 885 1050 934 48:
1076 880 1206 952 lapsoque
1222 894 1288 935 aunt
1306 888 1351 938 ni-

331 973 476 1025 rationario
491 974 612 1045 prosimu
630 993 708 1032 mero,
727 982 832 1030 notante
852 977 1086 1033 Wonnaatrcttlo.
1122 980 1188 1033 Add.
1204 981 1349 1038 Peonaan.

330 1072 364 1137 ll,
387 1076 432 1139 34,
455 1077 499 1128 22.
517 1100 553 1111 -
590 1075 623 1128 V.
640 1077 685 1126 29.
706 1077 750 1126 30.
787 1073 882 1126 Dicere
907 1082 1024 1142 potarat:
1055 1076 1129 1129 Haec
1153 1079 1205 1144 eg'o
1231 1079 1348 1133 dicebam

329 1170 393 1223 liena
411 1178 438 1224 et
456 1170 488 1223 ad
506 1185 590 1237 genua
609 1172 682 1239 pueri
699 1170 854 1236 advolutue3
881 1173 986 1240 poetica
1003 1181 1059 1226 arta
1078 1176 1190 1227 invertit.
1226 1177 1349 1231 (laterum

328 1271 426 1324 clandit
443 1270 492 1324 hoc
510 1270 620 1324 diaticlro
636 1272 834 1326 antecedentem
852 1275 953 1341 locum,
972 1283 1002 1329 nt
1021 1278 1102 1333 vides.
1139 1280 1263 1345 Sequitur
1280 1295 1349 1334 nnnc

329 1387 395 1424 nove
412 1387 472 1439 pars
490 1371 685 1438 obiurgationit.
702 1400 739 1414 -
767 1375 801 1428 V.
820 1379 853 1426 at
875 1393 932 1443 sqq.
955 1377 1079 1431 divitia
1097 1380 1171 1430 auri
1190 1379 1348 1446 pondere,

328 1477 358 1523 ut
370 1471 418 1537 lll,
430 1475 457 1534 ³,
468 1475 511 1523 11.
530 1471 674 1526 Pnot’ttltm·
689 1471 738 1536 lit,
752 1477 779 1538 ὁ,
796 1477 829 1527 4ι
844 1492 948 1543 gemma
960 1476 1043 1527 dives.
1068 1475 1136 1528 Add.
1151 1476 1217 1528 inira
1232 1476 1253 1540 l,
1269 1482 1310 1542 lli,
1323 1483 1348 1530 t.

327 1571 452 1624 Similiter
470 1589 546 1640 opum
564 1591 662 1624 martur
681 1572 755 1626 direti
774 1575 876 1627 dicitur.
912 1575 963 1629 Eat
978 1576 1048 1643 quod
1065 1577 1166 1629 divitiae
1181 1578 1302 1641 continet,
1320 1584 1349 1631 ιι

327 1676 414 1740 patet,
435 1685 482 1722 aen
500 1670 649 1738 pretiosum.
688 1669 799 1722 Potamos
822 1671 886 1724 ariri
908 1688 972 1726 raro
996 1675 1162 1727 usitatissima
1186 1676 1263 1728 etiam
1286 1690 1348 1743 pro·

326 1771 403 1824 anicia
422 1771 528 1834 locutio,
551 1778 581 1823 nt
602 1771 693 1837 Livio,
712 1772 862 1837 Ciceroni,
877 1773 1001 1829 losnmo.
1038 1776 1161 1830 Ceterum
1179 1779 1273 1829 donna
1290 1792 1348 1830 ann.

328 1873 408 1922 1⁶02.
425 1871 523 1940 primun
541 1869 637 1923 edidit:
654 1868 731 1921 mullo
749 1878 777 1921 te
796 1869 890 1923 divitis
908 1873 972 1925 auri
984 1873 1110 1942 pondere,
1128 1875 1153 1926 it.
1171 1890 1195 1928 e.
1214 1890 1247 1926 ne
1265 1875 1348 1927 maxi·

326 1985 369 2023 mo
387 1970 500 2037 quidem.
536 1971 729 2025 Lacrrnrnnne
755 1974 869 2027 restitnit
886 1973 990 2025 nullius
1015 1991 1030 2028 a
1055 1975 1112 2028 cod.
1137 1976 1185 2038 A„
1209 1973 1277 2041 quod
1295 1988 1346 2026 non

326 2067 509 2123 damnaverint.
546 2069 598 2122 Utr
623 2071 694 2124 nulio
711 2087 776 2125 anto
795 2079 850 2125 este
876 2089 909 2126 na
927 2074 1037 2142 plurimo
1055 2074 1172 2140 quidem,
1190 2076 1227 2127 sic
1244 2071 1347 2127 nullius

327 2166 391 2217 auri
405 2166 521 2234 pondera
538 2167 603 2220 erite
622 2183 655 2224 ne
670 2170 840 2236 copiosissimi
857 2169 960 2236 quidem
978 2172 1033 2222 anri
1050 2171 1172 2237 pondera.
1209 2171 1349 2240 Necopne

325 2265 476 2333 pronomina
493 2274 537 2320 te,
554 2265 588 2318 cl.
606 2266 638 2318 ad
658 2266 678 2330 l,
696 2270 722 2330 3,
741 2270 786 2317 27.
807 2293 839 2304 -
865 2267 1021 2331 gemmis,
1040 2266 1133 2334 quibus
1151 2266 1248 2332 digitos
1266 2284 1345 2322 orna-

325 2367 395 2421 bant.
413 2394 450 2407 -·
477 2368 659 2437 Campania
683 2373 789 2432 tarra,
819 2375 848 2419 nt
867 2373 936 2420 terra
959 2368 1069 2433 Ambio,
1094 2368 1227 2437 Ηίιριιιίι,
1257 2368 1343 2421 ltalia.

326 2464 429 2529 Africa,
452 2466 511 2520 vide
530 2467 610 2518 multa
628 2458 748 2533 exempla
766 2465 835 2533 apud
854 2467 996 2522 Venator.
1033 2467 1155 2520 Tibullus
1172 2469 1343 2537 opponitionia

324 2579 402 2617 causa
421 2565 529 2631 adiecit,
558 2570 695 2617 comante
714 2563 747 2617 de
766 2580 830 2617 anro
847 2571 876 2615 ct
894 2566 1004 2630 gemmis
1022 2567 1145 2630 dixisset,
1173 2569 1344 2636 oppositioni·

324 2660 373 2716 bna
399 2669 486 2717 nartem
510 2664 646 2717 nervnanr
668 2663 698 2715 lit
725 2662 818 2716 oratio.
861 2662 982 2716 Ceterum
1006 2663 1165 2719 fertilitatem
1188 2665 1345 2733 Campaniae

323 2763 381 2829 quia
398 2764 502 2816 nesdtl
520 2788 557 2803 ·-
584 2765 755 2817 Falcrnns
781 2780 882 2831 ager,
907 2765 956 2818 snb
981 2774 1069 2819 monte
1089 2767 1200 2819 Massico
1218 2768 1243 2818 in
1266 2767 1345 2819 Cam·

322 2864 414 2932 panio,
432 2870 462 2915 ut
479 2870 597 2928 constat,
615 2864 659 2915 nbi
678 2864 764 2917 vinnm
780 2872 841 2933 post
858 2867 1007 2919 Caecubum
1024 2866 1237 2935 pretiosiuimum
1253 2864 1345 2918 ltaliae

322 2963 467 3016 cremabat.
504 2961 572 3014 Vide
591 2962 712 3015 Vosnrnrr
733 2964 767 3015 ad
786 2965 861 3030 i'irg.
880 2966 981 3032 Georg.
999 2967 1035 3031 Il,
1054 2984 1079 3035 p.
1094 2969 1158 3020 299.
1192 2966 1344 3033 appositior

323 3061 452 3116 Bacclri
471 3078 568 3126 cura,
595 3062 674 3113 etiam
694 3063 866 3130 oppositionis
884 3079 961 3115 cansa
981 3064 1077 3131 placuit
1095 3071 1204 3132 poetae,
1221 3079 1280 3117 cum
1295 3079 1345 3116 an-

321 3164 445 3217 tecedant
462 3176 552 3215 verane
570 3161 603 3213 de
627 3159 760 3214 frumento
779 3162 936 3229 Campaniae
955 3171 1024 3229 agat.
1037 3188 1071 3205 -
1090 3164 1121 3216 V.
1133 3168 1235 3229 ildaqq.
1264 3162 1344 3215 lllie

320 3264 480 3332 eriperet
497 3259 611 3313 verbio
629 3257 712 3312 milri
727 3265 779 3313 cte.
815 3259 924 3312 Talibus
946 3261 1169 3329 innotescentia,
1190 3261 1283 3329 quibua
1301 3262 1342 3314 rel

320 3363 422 3429 siquid
441 3368 530 3415 contra
548 3361 681 3413 oculorum
700 3374 804 3411 sensnm
822 3360 1006 3427 contenderat,
1034 3361 1144 3414 credere
1161 3377 1204 3414 ma
1223 3375 1341 3427 cogeres.

321 3460 407 3513 Verba
426 3460 540 3529 eriperer
557 3458 645 3511 lucere
665 3474 716 3512 non
736 3461 803 3513 bene
818 3461 1026 3514 Foncnnnrnroa
1045 3463 1174 3529 explicat:
1200 3466 1341 3526 extorque-

320 3575 363 3611 rea
381 3557 440 3610 milri
458 3565 487 3611 ut
505 3574 636 3625 negarem·
672 3559 772 3611 Sensus
790 3558 944 3611 manifesto:
975 3561 1089 3628 eriperes
1107 3558 1169 3612 milri
1185 3557 1342 3626 opinionem,

320 3657 523 3720 trememtem,
547 3663 576 3709 ut
594 3658 806 3713 vmrmsvidtt
827 3684 863 3701 -
892 3659 1050 3715 lnlmioia
1075 3661 1165 3725 viae,
1192 3659 1344 3712 utsanttc.

319 3755 428 3824 Thyest.
446 3758 514 3808 858:
543 3756 626 3825 Quem
650 3777 704 3811 non
728 3760 862 3812 concutiet
887 3761 986 3812 cadone
1011 3759 1113 3832 obliqui
1138 3759 1184 3811 via
1205 3755 1346 3828 fulminis,

319 3856 483 3911 laudantibus
501 3856 696 3926 interpretibus.
715 3884 751 3895 -
776 3872 899 3925 purae,
920 3859 1034 3924 lucidae,
1053 3859 1149 3913 usitato
1167 3854 1284 3926 epitheto
1302 3855 1344 3908 ln·

318 3959 394 4011 minis
412 3965 440 4011 at
458 3959 533 4025 ignia.
570 3959 665 4011 Graeci
683 3959 720 4010 ita
739 3953 868 4026 καθαρόν,
886 3964 917 4012 nt
934 3960 1057 4014 Prienam
1074 3957 1152 4025 Pytlt.
1172 3959 1218 4023 vl,
1236 3959 1279 4010 ld.
1297 3955 1344 4009 nbi

317 4057 384 4109 coni.
399 4059 590 4110 annotationem
610 4063 739 4120 noctram,
757 4062 786 4109 et
803 4050 894 4119 ἁγνόν,
912 4063 942 4110 ut
962 4058 1023 4111 ibid.
1042 4056 1119 4124 Pyllr.
1139 4057 1160 4122 l,
1178 4060 1232 4108 21:
1257 4050 1343 4105 rimid-

315 4173 363 4204 του
382 4150 464 4223 :eripis
483 4150 625 4221 ἁγνόταται
642 4158 732 4219 norat.
750 4170 877 4257 -laon
898 4172 961 4222 ego
980 4157 1108 4210 lallare
1135 4156 1275 4217 doctae.
1298 4153 1344 4220 qui
