3009 4725
1054 474 1072 502 ο
1187 436 1556 506 'ITB‘ULLI-
2184 467 2402 511 Lxxvn

334 632 433 703 gat
473 633 538 684 et
581 642 622 682 a
667 639 737 682 se
780 618 948 699 ipso,
993 614 1227 678 solator
1270 615 1384 697 qui
1427 618 1612 679 vellet
1655 636 1809 697 esse,
1862 618 2087 685 iterum
2132 625 2391 691 iterum-

335 754 454 816 que
497 733 829 815 quaesitas
869 749 1099 792 moras.
1180 728 1386 790 Porro
1422 728 1501 805 11,
1536 730 1596 805 4,
1629 730 1863 795 45-50.
1906 734 2180 800 honores
2221 761 2393 804 mor·

335 859 478 909 tuae
524 847 781 927 puellae
823 845 1037 906 bonae
1083 842 1169 905 sic
1212 844 1518 924 explicat:
1574 846 1801 908 Fletur
1846 860 1990 911 ante
2032 872 2253 932 rogum
2298 868 2392 918 at-

340 984 465 1045 que
510 962 696 1024 etiam
740 960 970 1023 annuis
1011 959 1193 1023 sertis
1234 959 1304 1021 in
1344 961 1592 1022 tumulo
1640 962 1862 1042 positis
1908 966 2152 1030 colitur.
2246 973 2392 1036 Alio

345 1078 491 1138 loco
547 1078 599 1151 1,
642 1083 700 1151 6,
742 1077 965 1137 77-84.
1018 1073 1397 1138 describitur
1438 1094 1646 1155 poena
1686 1079 1968 1157 puellae,
2025 1103 2189 1163 quae
2234 1086 2393 1150 nulli

347 1187 477 1255 fida
513 1188 651 1265 fuit,
691 1187 1006 1269 bipartito.
1090 1188 1168 1248 In
1211 1196 1525 1249 senectute
1567 1186 1757 1252 vitam
1801 1211 2057 1270 egenam
2099 1195 2246 1258 lana
2292 1199 2391 1260 fa-

339 1300 565 1365 cienda
604 1314 938 1377 sustentat,
1002 1302 1311 1363 ferentem
1366 1290 1577 1362 autem
1627 1301 1782 1365 haec
1822 1307 1988 1369 mala
2029 1328 2160 1372 non
2199 1314 2389 1375 mise·

330 1430 592 1493 rantur,
649 1413 759 1478 sed
806 1412 1121 1496 gaudente
1164 1399 1378 1475 animo
1420 1410 1638 1475 vident
1693 1415 1952 1481 iuvenes
1970 1462 1989 1496 ‚
2048 1433 2111 1483 et
2163 1424 2387 1489 Venus

328 1532 616 1594 sublimis
659 1550 741 1592 ex
783 1530 917 1593 alto
960 1525 1236 1610 Olympo
1278 1538 1534 1607 spectat.
1619 1524 1722 1591 Sic
1765 1542 2018 1611 praeter
2053 1550 2385 1617 egestatem

330 1647 516 1711 etiam
560 1658 950 1710 contemtum
992 1644 1319 1725 experitur
1356 1642 1688 1705 hominum
1732 1658 1795 1707 et
1834 1645 2115 1715 deorum.
2198 1653 2386 1719 simi..

328 1762 412 1825 lis
451 1764 666 1824 forma
702 1763 828 1824 loci
867 1762 919 1838 1,
954 1766 1017 1838 2,
1049 1764 1286 1821 91-98.
1327 1756 1406 1820 de
1452 1770 1663 1841 poena
1704 1760 1856 1839 eius,
1895 1762 2009 1847 qui
2048 1766 2119 1829 in
2156 1766 2383 1834 iuven..

340 1888 478 1938 tute
534 1876 677 1936 risit
739 1886 1041 1951 amantes,
1098 1895 1295 1938 senex
1351 1889 1561 1937 autem
1613 1875 1746 1956 ipse
1787 1877 2057 1942 Veneris
2110 1882 2380 1946 vinculis

336 1990 503 2053 colla
545 1984 785 2050 subdit.
869 1988 1064 2048 Porro
1103 1989 1153 2065 Ι,
1195 1996 1252 2067 9,
1296 1994 1528 2050 53-72.
1572 1985 1649 2048 de
1689 2007 1897 2069 poena
1935 1992 2230 2071 hominis,
2269 1998 2382 2078 qui

332 2112 712 2183 corruperat
751 2118 1056 2180 puerum,
1119 2100 1204 2162 sic
1247 2099 1373 2180 agit
1429 2112 1520 2174 ut·
1556 2099 1832 2180 primum
1884 2125 1951 2167 v.
1993 2108 2221 2167 53-64.
2262 2107 2380 2171 im..

328 2227 626 2299 precetur
675 2213 734 2276 ei
785 2213 1110 2295 perfidiam
1163 2217 1387 2278 uxoris
1443 2213 1900 2297 turpissimam,
1964 2215 2190 2282 deinde
2238 2240 2279 2281 a
2318 2242 2383 2286 v.

336 2332 560 2395 64-72.
601 2326 892 2395 ostendat
939 2327 1065 2391 iam
1105 2327 1323 2392 adesse
1367 2325 1526 2392 adeo
1568 2329 1929 2395 huiusmodi
1971 2330 2145 2416 quid.
2247 2334 2377 2397 Ve-

337 2446 445 2509 nio
504 2444 583 2507 ad
637 2445 779 2507 alia.
881 2441 1092 2506 Carm-
1143 2444 1224 2521 11,
1270 2449 1327 2523 6,
1389 2447 1617 2510 31-40.
1671 2449 1991 2529 praeclara
2046 2452 2376 2517 obtestatio

332 2562 612 2625 Nemesis
655 2582 771 2644 per
811 2580 1032 2622 manes
1072 2559 1307 2623 sororis
1348 2560 1435 2623 sic
1471 2571 1789 2642 tractatur,
1827 2577 1898 2628 ut
1925 2565 2202 2649 primum
2237 2587 2375 2633 mo-

329 2689 473 2741 veat
521 2677 976 2758 supplicatione
1016 2670 1330 2756 descripta
1368 2675 1681 2751 manium,
1722 2697 1912 2759 quam
1955 2681 2233 2743 facturus
2277 2682 2375 2758 sit,

340 2807 464 2851 tum
532 2791 620 2851 ira
684 2807 743 2847 εει
796 2791 1141 2847 ῒῑειτῌΓῐΙῃιε
1201 2787 1521 2847 ,Ιιωῑ-Ηινῐιίτῑ
1569 2799 1850 2848 mortuae
1906 2793 2263 2855 monstratis
2305 2795 2370 2855 in

328 2927 556 2967 summ]
604 2907 1009 2983 usqua-iturae.
1105 2903 1197 2963 Du
1249 2903 1633 2983 simplicitate
1676 2900 1882 2982 prisca
1923 2902 1992 2962 in
2036 2903 2208 2963 cultu
2249 2903 2375 2965 La-

332 3023 492 3084 rium
540 3023 584 3092 l3
644 3027 736 3096 Η),
796 3027 1021 3084 Uist.
1065 3019 1149 3080 sit:
1197 3019 1425 3096 agivuuq
1477 3031 1541 3080 ut
1585 3020 1662 3080 ab
1704 3015 1923 3079 habitu
1970 3037 2248 3098 paupere
2296 3018 2376 3080 ad

336 3160 500 3200 sum-fl
528 3140 832 3216 simplicia
864 3152 1077 3216 pergat
1109 3136 1461 3216 deam-iptio.
1529 3136 1727 3196 Porro
1753 3135 1804 3211 I,
1832 3136 1890 3210 1,
1916 3132 2100 3194 7-24.
2139 3119 2375 3195 29236.

336 3260 592 3316 ruatis-M·
660 3256 820 3316 vitat}
880 3252 1325 3312 iustmditntum
1389 3256 1701 3313 til-nstrum
1741 3250 2017 3331 primum
2059 3247 2135 3311 de
2181 3270 2374 3329 nego-

334 3367 433 3428 tiis
472 3369 751 3444 rusticis,
799 3363 1026 3427 deinde
1071 3361 1147 3426 de
1193 3367 1365 3427 cultu
1407 3363 1674 3429 deorum
1716 3361 1885 3425 dicit.
1970 3361 2096 3424 Sed
2136 3365 2373 3445 magni-

329 3481 614 3544 ficentior
647 3483 829 3544 locus
863 3494 952 3543 est
979 3481 1060 3557 ΙΙ,
1095 3485 1154 3558 5,
1196 3480 1473 3541 83-104.
1518 3478 1630 3540 ubi
1667 3476 1931 3540 felicitas
1971 3475 2185 3539 futura
2223 3476 2376 3539 anni

330 3613 411 3655 ex
455 3594 666 3657 omine
711 3597 919 3687 fausto
964 3615 1290 3658 sacrorum
1347 3592 1738 3659 describitur.
1819 3592 2026 3656 Etiam
2064 3594 2222 3655 haec
2262 3591 2373 3655 de-

330 3703 584 3789 sex-iptio
626 3710 923 3790 bipartita
964 3730 1084 3791 per
1123 3707 1574 3788 gradationem.
1659 3706 1870 3769 Prima
1910 3726 2057 3789 pers
2100 3707 2189 3767 sic
2221 3725 2373 3785 pro-

330 3820 528 3885 cedit:
568 3823 709 3885 Erit
754 3824 1010 3903 frugum
1049 3826 1338 3898 ubertas,
1376 3823 1585 3883 fetura
1626 3822 1906 3904 pecoris,
1943 3834 2375 3883 matronarum

328 3933 712 4014 iucunditas,
768 3959 840 4000 ac
897 3936 1169 4001 familiae
1224 3938 1546 3998 fortunam
1590 3933 1988 3997 domesticam
2028 3931 2377 3995 disertiori-

325 4047 442 4109 bus
483 4050 699 4114 verbis
739 4061 984 4129 tractat,
1024 4051 1301 4117 suaviter
1345 4052 1464 4112 hac
1506 4051 1751 4112 minore
1794 4049 2040 4129 pictura
2081 4047 2375 4112 claudens

326 4171 540 4239 totum,
581 4161 761 4247 quod
794 4180 857 4230 et
896 4167 1107 4250 ipsum
1143 4164 1314 4229 vides
1356 4164 1699 4229 secundum
1728 4163 2154 4244 gradationem
2186 4164 2371 4235 ador-
