3009 4725
331 399 393 455 242
567 384 849 453 COMMENTAR.
872 386 916 450 ΙΝ
937 387 1110 453 TlBULLl

334 563 413 613 retus
440 558 586 612 lrulnsmodi
612 573 697 626 genus
724 558 836 612 dicendi.
891 561 968 617 Quae
994 575 1052 613 enm
1079 561 1115 611 lta
1143 561 1211 626 siut,
1245 578 1354 634 apparet

334 661 396 729 quid
413 659 447 713 de
471 664 529 712 toto
547 660 606 712 loeo
624 675 754 714 censeam.
791 660 832 713 De
850 663 985 714 sententiis
1002 676 1068 728 quae
1086 659 1126 713 iria
1143 676 1159 711 a
1177 661 1285 717 Tibullo
1303 684 1352 736 po-

332 760 398 810 sitae
416 759 477 824 sint,
494 773 546 810 nou
564 757 669 810 rldetur
684 756 797 812 dubitari
819 774 907 828 posse,
925 775 1015 812 versus
1031 758 1065 812 ad
1083 775 1208 812 summum
1227 763 1292 816 duos
1311 773 1352 817 te-

332 874 423 912 nemus
438 875 524 913 veros.
541 888 576 899 -
608 861 641 913 V.
659 865 693 913 ta
711 877 750 928 sq.
778 860 941 914 fiscellae
960 868 1033 914 erant
1050 862 1143 915 calathi
1166 864 1192 915 iu
1210 879 1285 917 usum
1303 883 1350 919 co-

330 960 409 1027 gendi
428 961 511 1027 laetis,
529 960 563 1014 el.
584 961 692 1014 Conon.
712 961 772 1026 vn,
789 965 815 1025 8,
835 965 860 1014 ³.
896 961 952 1012 lsto
969 967 1093 1030 tempore,
1111 962 1148 1014 ait
1167 969 1252 1030 poeta,
1265 946 1350 1017 'etiam

328 1060 442 1112 fiscellae
469 1061 581 1129 primum
610 1060 702 1113 lacus.
746 1060 814 1114 Vide
840 1067 975 1128 praeterea
1003 1060 1124 1116 laudante
1151 1063 1349 1116 Buoucsnusro

330 1159 480 1215 Nemesion.
507 1159 602 1227 Eelog.
627 1159 662 1224 ll,
688 1163 733 1213 88.
776 1161 920 1214 cranous.
947 1161 1042 1227 Eclog.
1069 1161 1118 1225 lll,
1143 1165 1187 1226 68,
1222 1161 1295 1224 vlll,
1324 1166 1349 1213 l.

330 1262 443 1315 illaesa.
460 1261 552 1327 Eclog.
569 1259 604 1324 ll,
621 1263 668 1313 72.
692 1259 728 1325 X,
745 1265 790 1313 rt.
815 1277 875 1315 eum
899 1263 1067 1315 annotatione
1085 1263 1193 1327 Vosarr,
1221 1277 1255 1314 ue
1273 1264 1351 1314 Geu-

326 1374 443 1414 stanos
461 1356 564 1411 addam.
599 1356 665 1410 Erat
681 1372 724 1411 res
741 1359 809 1412 iuter
832 1362 939 1426 negotia
957 1368 1100 1429 pastorum.
1121 1389 1157 1400 -
1187 1361 1347 1428 Ruraque

325 1463 375 1511 ete.
411 1456 551 1509 Contentus
576 1458 659 1511 Ovrn.
683 1457 757 1512 Fast.
780 1459 827 1526 lV,
853 1465 923 1512 tto:
951 1460 1072 1533 danque
1093 1461 1166 1512 viam
1184 1459 1286 1532 liquido
1304 1459 1346 1511 oi-

326 1558 400 1609 minu
411 1559 498 1629 jacto
516 1575 583 1611 sero.
597 1585 632 1596 -
649 1558 682 1611 V.
703 1562 737 1612 ll
755 1575 813 1627 sqq·
849 1561 968 1614 Observa
986 1569 1046 1614 aste
1064 1563 1152 1615 omnia
1168 1563 1194 1614 iu
1216 1561 1255 1614 nis
1273 1559 1347 1613 diati-

325 1658 381 1712 ehis
402 1673 476 1711 mum
499 1655 647 1726 anaphoras
665 1673 815 1727 perversum
837 1659 876 1726 (0
895 1661 1061 1727 quotiens
1081 1689 1117 1699 —
1134 1661 1159 1713 0
1178 1661 1347 1727 quotiens,

325 1760 439 1827 Saepe
457 1783 491 1796 -
509 1755 653 1825 Saepe),
679 1771 739 1810 euru
757 1764 947 1826 componantur
964 1774 1031 1825 quae
1049 1758 1179 1811 dissimilia
1198 1773 1247 1811 nee
1264 1756 1347 1809 debe·

325 1857 388 1910 bant
411 1856 450 1909 sio
467 1858 596 1925 componi.
631 1856 672 1909 De
689 1872 751 1910 vera
769 1857 870 1911 ratione
894 1858 1042 1929 anaphoras.
1066 1858 1164 1912 diserte
1189 1859 1300 1928 explicui
1320 1860 1346 1910 iu

324 1955 507 2028 Disputatione
525 1953 559 2007 de
576 1953 732 2008 Elocutlone
749 1954 858 2008 Tibulli·
874 1983 912 1996 -
940 1958 1083 2010 vitulum
1108 1964 1287 2024 gestante,
1311 1956 1345 2009 et.

324 2069 403 2122 snpra
422 2053 445 2118 l,
463 2057 488 2119 l,
506 2057 550 2107 ³2.
569 2080 605 2093 -
623 2066 813 2105 occurrens
830 2068 945 2118 soror,
963 2053 1059 2118 Diana,
1080 2055 1141 2107 dum
1160 2056 1262 2108 venatui
1281 2071 1346 2123 ope·

323 2167 379 2205 ram
397 2151 444 2204 dat
461 2159 489 2204 et
506 2150 556 2204 hoe
573 2151 635 2204 illuc
653 2165 700 2219 per
716 2164 795 2215 agros
813 2150 949 2214 discurrit,
967 2153 1004 2202 ait
1022 2153 1153 2205 Vossius.
1173 2180 1207 2192 -
1231 2135 1345 2206 Senten-

323 2250 386 2303 tiam
412 2249 524 2317 denique
551 2248 653 2303 disticlri
678 2250 807 2318 expressit
830 2250 917 2315 paullo
942 2250 1019 2301 aliter
1044 2250 1152 2302 Vanus.
1177 2251 1304 2303 Fucens
1323 2254 1346 2319 l,

321 2353 384 2405 447.
402 2351 521 2405 laudatus
538 2366 555 2402 a
573 2350 771 2402 Baoucsuosro
789 2348 913 2414 aliisquer
939 2346 987 2399 Alr
1005 2347 1128 2419 quotiens
1140 2346 1252 2419 famulo
1269 2349 1346 2400 notia

322 2469 398 2504 soror
423 2450 502 2504 obvia
525 2448 603 2502 silvis
619 2447 723 2507 Ptenis,
752 2446 798 2499 ubi
825 2449 941 2498 Ossaeae
966 2455 1090 2516 captaret
1111 2446 1224 2518 frigora
1250 2446 1347 2514 silvae,

322 2554 445 2603 Peelerel
470 2560 498 2602 et
518 2549 617 2621 pingui
634 2566 731 2602 mersos
749 2546 878 2600 Boebeide
901 2547 994 2602 amnes.
1011 2573 1049 2586 -·
1074 2546 1140 2600 Mox
1167 2546 1258 2599 valle
1282 2546 1345 2599 sub

322 2650 406 2716 alta,
424 2650 458 2703 el.
477 2650 628 2703 Bourranrs.
646 2648 679 2701 ad
698 2647 860 2702 ostentet.
880 2647 901 2712 l,
920 2650 983 2699 689.
1003 2675 1035 2686 -
1065 2646 1106 2699 De
1123 2662 1148 2699 s.
1167 2645 1254 2711 dum,
1273 2646 1344 2713 quod

322 2745 487 2813 liciarum,
506 2746 685 2816 el.supraad
704 2750 771 2801 r..'›.
790 2749 902 2799 etuti.
922 2745 999 2797 dicta.
1014 2771 1050 2786 -
1068 2746 1219 2813 trepidis
1234 2746 1344 2811 rebus,

321 2851 348 2904 lu
368 2863 463 2916 magno
483 2850 599 2917 periculo
617 2848 731 2916 publico,
747 2852 777 2899 ut
795 2853 892 2898 notum.
911 2871 945 2884 -
965 2846 1082 2911 Venit,
1100 2847 1190 2911 rediit,
1209 2852 1238 2898 ut
1255 2862 1343 2914 saepe.

321 2952 448 3006 Similiter
464 2966 507 3019 ap.
525 2952 644 3002 Graecos
661 2944 812 3008 dorstadae,
831 2948 927 3011 aaran,
947 2949 1043 3011 ἐλθεῖν,
1063 2948 1098 3004 cl.
1116 2950 1216 3002 Setun.
1234 2948 1269 3001 ad
1286 2947 1344 3000 Eu-

320 3053 372 3123 rip.
390 3053 490 3106 Electr·
508 3067 532 3106 r.
551 3055 592 3115 a,
613 3051 774 3102 Hernooan.
792 3050 825 3102 ad
843 3051 947 3103 Platon.
967 3051 1075 3118 Protag.
1094 3070 1120 3121 p.
1140 3055 1201 3105 len.
1219 3057 1343 3103 -tur-

322 3154 377 3219 ba,
402 3154 457 3207 dux
476 3168 534 3206 curn
553 3151 677 3204 militibus
694 3152 847 3202 numerosis.
863 3178 900 3191 -
928 3151 960 3202 V.
979 3156 1015 3204 23
1033 3169 1090 3220 sqq.
1128 3154 1262 3205 Latona
1287 3152 1343 3204 do·

323 3253 404 3318 lult,
430 3258 538 3321 propter
555 3254 697 3302 maternam
717 3249 889 3301 allectionem.
933 3250 1033 3304 Matres
1051 3254 1084 3306 de
1103 3253 1183 3305 iorma
1204 3260 1232 3305 et
1250 3258 1343 3305 ornatu

321 3351 434 3405 filiorum
460 3353 571 3406 maxime
597 3348 733 3402 sollicitae.
752 3373 788 3386 -
819 3351 934 3401 crines
960 3352 1110 3417 solutos,
1137 3368 1196 3404 euna
1224 3353 1287 3404 alias
1315 3351 1343 3403 in

321 3449 419 3504 nodum
445 3454 580 3519 eleganter
604 3447 708 3502 collecti
731 3447 800 3511 sint,
828 3454 857 3499 nt
881 3450 922 3500 sel
940 3450 966 3501 lu
985 3450 1111 3504 Valioano
1129 3451 1249 3519 Apolline
1268 3448 1343 3501 vide-

323 3563 389 3601 mus.
407 3576 441 3590 -
467 3557 667 3617 quaereret,
692 3548 868 3614 desideraret,
894 3552 1049 3618 requireret.
1086 3551 1153 3603 Vide
1171 3551 1343 3603 Baouoanu-

322 3664 387 3703 arou
407 3653 434 3702 et
451 3649 582 3702 vossius
599 3650 676 3703 etad
695 3651 772 3703 ovid.
790 3652 855 3704 Met.
872 3651 904 3717 ll,
922 3656 985 3704 2³9.
1013 3653 1205 3704 Bonannsurs.
1242 3650 1343 3704 Graeci

321 3750 406 3824 (parts
421 3752 519 3817 dieunt,
537 3751 573 3804 ei.
592 3752 698 3805 Gutus.
716 3753 804 3806 Leett.
823 3753 931 3805 Hesiod.
950 3771 975 3821 p.
990 3756 1034 3805 45.
1071 3753 1210 3805 Postremo
1229 3749 1342 3802 observa

320 3855 473 3923 imperfecta
491 3854 575 3923 posita
593 3854 620 3906 in
637 3856 780 3918 sententia,
798 3853 843 3905 nbi
862 3854 941 3919 vulgo
957 3852 1215 3922 plusquamperleeta
1233 3856 1344 3920 ponunt.

320 3954 375 4007 Sed
393 3953 444 4007 hoe
460 3955 490 4007 lit
508 3969 559 4006 non
578 3968 637 4005 raro
656 3952 787 4014 suaviter,
811 3951 854 4001 ubi
873 3949 982 4002 vividius
999 3953 1100 4004 animus
1119 3953 1255 4021 praeteriti
1274 3959 1344 4003 tem-

320 4053 391 4119 poris
408 4053 548 4118 imaginem
566 4051 614 4104 sibi
635 4052 670 4104 ob
688 4052 779 4105 oeulos
797 4051 878 4119 ponit,
897 4050 931 4104 ci.
946 4051 1076 4105 Tenens.
1093 4051 1202 4121 Adelplr.
1222 4052 1243 4116 l,
1257 4054 1340 4115 227.

318 4151 424 4206 Paion.
444 4153 501 4206 Mil.
519 4153 634 4206 Glorior·
647 4153 668 4220 l,
685 4157 710 4220 1,
727 4156 772 4207 62.
791 4152 901 4207 Houan.
920 4154 1093 4221 Sat.1,a,t.
1110 4159 1136 4210 5.
1156 4161 1183 4208 et
1200 4154 1237 4220 ll,
1253 4157 1280 4219 8,
1295 4156 1342 4205 69.
