<?xml version="1.0" encoding="UTF-8"?>
<!DOCTYPE html PUBLIC "-//W3C//DTD XHTML 1.0 Transitional//EN"
    "http://www.w3.org/TR/xhtml1/DTD/xhtml1-transitional.dtd">
<html xmlns="http://www.w3.org/1999/xhtml" xml:lang="en" lang="en">
 <head>
  <title>
</title>
<meta http-equiv="Content-Type" content="text/html;charset=utf-8" />
  <meta name='ocr-system' content='tesseract 3.04.00' />
  <meta name='ocr-capabilities' content='ocr_page ocr_carea ocr_par ocr_line ocrx_word'/>
</head>
<body>
  <div class='ocr_page' id='page_1' title='image "albiitibullicar00unkngoog_0695.png"; bbox 0 0 3009 4725; ppageno 0'>
   <div class='ocr_carea' id='block_1_1' title="bbox 457 269 1223 346">
    <p class='ocr_par' dir='ltr' id='par_1_1' title="bbox 457 269 1223 346">
     <span class='ocr_line' id='line_1_1' title="bbox 457 269 1223 346; baseline 0.016 -12"><span class='ocrx_word' id='word_1_1' title='bbox 457 269 646 335; x_wconf 65' lang='lat' dir='ltr'>LIBR0111.</span> <span class='ocrx_word' id='word_1_2' title='bbox 688 270 812 338; x_wconf 72' lang='lat' dir='ltr'><strong>ELEG.</strong></span> <span class='ocrx_word' id='word_1_3' title='bbox 831 273 888 339; x_wconf 82' lang='lat' dir='ltr'>lv.</span> <span class='ocrx_word' id='word_1_4' title='bbox 930 275 993 341; x_wconf 79' lang='lat' dir='ltr'>V.&#39;</span> <span class='ocrx_word' id='word_1_5' title='bbox 1160 288 1223 346; x_wconf 73' lang='lat'>359</span> 
     </span>
    </p>
   </div>
   <div class='ocr_carea' id='block_1_2' title="bbox 194 438 1217 897">
    <p class='ocr_par' dir='ltr' id='par_1_2' title="bbox 194 438 1217 897">
     <span class='ocr_line' id='line_1_2' title="bbox 195 438 1217 518; baseline 0.01 -22"><span class='ocrx_word' id='word_1_6' title='bbox 195 441 281 497; x_wconf 79' lang='lat' dir='ltr'>londa</span> <span class='ocrx_word' id='word_1_7' title='bbox 299 438 378 506; x_wconf 67' lang='lat' dir='ltr'>nuti,</span> <span class='ocrx_word' id='word_1_8' title='bbox 405 444 447 494; x_wconf 82' lang='lat' dir='ltr'>eat</span> <span class='ocrx_word' id='word_1_9' title='bbox 469 443 532 495; x_wconf 89' lang='lat' dir='ltr'>ante</span> <span class='ocrx_word' id='word_1_10' title='bbox 548 439 616 495; x_wconf 81' lang='lat' dir='ltr'>atior</span> <span class='ocrx_word' id='word_1_11' title='bbox 634 439 707 495; x_wconf 83' lang='lat' dir='ltr'>deor.</span> <span class='ocrx_word' id='word_1_12' title='bbox 725 469 761 483; x_wconf 92' lang='lat'>-</span> <span class='ocrx_word' id='word_1_13' title='bbox 792 441 896 512; x_wconf 78' lang='lat' dir='ltr'>leque</span> <span class='ocrx_word' id='word_1_14' title='bbox 919 449 1034 516; x_wconf 84' lang='lat' dir='ltr'>pater,</span> <span class='ocrx_word' id='word_1_15' title='bbox 1063 461 1128 518; x_wconf 82' lang='lat' dir='ltr'>quo</span> <span class='ocrx_word' id='word_1_16' title='bbox 1153 463 1217 508; x_wconf 87' lang='lat' dir='ltr'>uon</span> 
     </span>
     <span class='ocr_line' id='line_1_3' title="bbox 196 539 1217 611; baseline 0.013 -16"><span class='ocrx_word' id='word_1_17' title='bbox 196 542 290 596; x_wconf 86' lang='lat' dir='ltr'>alter</span> <span class='ocrx_word' id='word_1_18' title='bbox 312 539 517 606; x_wconf 71' lang='lat' dir='ltr'><strong>amabilior,</strong></span> <span class='ocrx_word' id='word_1_19' title='bbox 542 539 667 608; x_wconf 72' lang='lat' dir='ltr'>languida</span> <span class='ocrx_word' id='word_1_20' title='bbox 692 540 804 611; x_wconf 80' lang='lat' dir='ltr'>pirario.</span> <span class='ocrx_word' id='word_1_21' title='bbox 821 571 857 586; x_wconf 88' lang='lat'>·-</span> <span class='ocrx_word' id='word_1_22' title='bbox 886 546 919 599; x_wconf 90' lang='lat' dir='ltr'>in</span> <span class='ocrx_word' id='word_1_23' title='bbox 944 548 1066 603; x_wconf 85' lang='lat' dir='ltr'>meiiua</span> <span class='ocrx_word' id='word_1_24' title='bbox 1094 556 1217 609; x_wconf 77' lang='lat' dir='ltr'>vertat.</span> 
     </span>
     <span class='ocr_line' id='line_1_4' title="bbox 194 637 1217 723; baseline 0 -26"><span class='ocrx_word' id='word_1_25' title='bbox 194 643 326 697; x_wconf 67' lang='lat' dir='ltr'>Mosarna</span> <span class='ocrx_word' id='word_1_26' title='bbox 350 642 461 695; x_wconf 78' lang='lat' dir='ltr'>collatur</span> <span class='ocrx_word' id='word_1_27' title='bbox 485 641 520 694; x_wconf 89' lang='lat' dir='ltr'>ab</span> <span class='ocrx_word' id='word_1_28' title='bbox 543 640 677 696; x_wconf 75' lang='lat' dir='ltr'>Humor</span> <span class='ocrx_word' id='word_1_29' title='bbox 704 637 776 694; x_wconf 61' lang='lat' dir='ltr'>nitet</span> <span class='ocrx_word' id='word_1_30' title='bbox 790 663 835 703; x_wconf 70' lang='lat' dir='ltr'>aar</span> <span class='ocrx_word' id='word_1_31' title='bbox 853 642 890 704; x_wconf 72' lang='grc' dir='ltr'>εἰς</span> <span class='ocrx_word' id='word_1_32' title='bbox 908 643 1013 715; x_wconf 67' lang='grc' dir='ltr'><strong><em>ἀγαθὼ</em></strong></span> <span class='ocrx_word' id='word_1_33' title='bbox 1028 644 1143 723; x_wconf 63' lang='grc' dir='ltr'>μάκαρες</span> <span class='ocrx_word' id='word_1_34' title='bbox 1160 656 1217 723; x_wconf 62' lang='lat' dir='ltr'>opt.</span> 
     </span>
     <span class='ocr_line' id='line_1_5' title="bbox 194 737 1217 827; baseline 0.017 -33"><span class='ocrx_word' id='word_1_35' title='bbox 194 761 263 795; x_wconf 73' lang='lat' dir='ltr'>arrae</span> <span class='ocrx_word' id='word_1_36' title='bbox 281 737 388 814; x_wconf 69' lang='lat' dir='ltr'>dampna.</span> <span class='ocrx_word' id='word_1_37' title='bbox 423 743 523 797; x_wconf 81' lang='lat' dir='ltr'>Notum</span> <span class='ocrx_word' id='word_1_38' title='bbox 549 743 628 799; x_wconf 83' lang='lat' dir='ltr'>etiam</span> <span class='ocrx_word' id='word_1_39' title='bbox 655 745 789 801; x_wconf 76' lang='lat' dir='ltr'>Graecum</span> <span class='ocrx_word' id='word_1_40' title='bbox 806 746 847 799; x_wconf 77' lang='lat' dir='ltr'>dni</span> <span class='ocrx_word' id='word_1_41' title='bbox 863 741 896 800; x_wconf 68' lang='lat' dir='ltr'>ro*</span> <span class='ocrx_word' id='word_1_42' title='bbox 912 751 1015 818; x_wconf 65' lang='grc' dir='ltr'>βέλτιον</span> <span class='ocrx_word' id='word_1_43' title='bbox 1030 756 1132 827; x_wconf 74' lang='lat' dir='ltr'>optumo</span> <span class='ocrx_word' id='word_1_44' title='bbox 1150 756 1217 811; x_wconf 76' lang='grc' dir='ltr'>Διῐ·</span> 
     </span>
     <span class='ocr_line' id='line_1_6' title="bbox 194 841 555 897; baseline 0.003 -3"><span class='ocrx_word' id='word_1_45' title='bbox 194 856 329 897; x_wconf 81' lang='lat' dir='ltr'>rnornnrr.</span> <span class='ocrx_word' id='word_1_46' title='bbox 347 841 416 895; x_wconf 72' lang='lat' dir='ltr'><strong>Nub·</strong></span> <span class='ocrx_word' id='word_1_47' title='bbox 435 844 500 895; x_wconf 75' lang='grc'><strong>690.</strong></span> <span class='ocrx_word' id='word_1_48' title='bbox 519 865 555 882; x_wconf 91' lang='lat'>·-</span> 
     </span>
    </p>
   </div>
   <div class='ocr_carea' id='block_1_3' title="bbox 549 1967 856 2037">
    <p class='ocr_par' dir='ltr' id='par_1_3' title="bbox 549 1967 856 2037">
     <span class='ocr_line' id='line_1_7' title="bbox 549 1967 856 2037; baseline -0.003 -2"><span class='ocrx_word' id='word_1_49' title='bbox 549 1967 856 2037; x_wconf 83' lang='lat' dir='ltr'><strong>INTRODUGTIO.</strong></span> 
     </span>
    </p>
   </div>
   <div class='ocr_carea' id='block_1_4' title="bbox 172 2210 1210 4131">
    <p class='ocr_par' dir='ltr' id='par_1_4' title="bbox 172 2210 1210 4131">
     <span class='ocr_line' id='line_1_8' title="bbox 191 2210 1210 2312; baseline -0.001 -10"><span class='ocrx_word' id='word_1_50' title='bbox 191 2210 296 2302; x_wconf 72' lang='lat' dir='ltr'>Paeo</span> <span class='ocrx_word' id='word_1_51' title='bbox 314 2245 429 2310; x_wconf 74' lang='lat' dir='ltr'>graviter</span> <span class='ocrx_word' id='word_1_52' title='bbox 450 2248 589 2312; x_wconf 73' lang='lat' dir='ltr'>aegrotam</span> <span class='ocrx_word' id='word_1_53' title='bbox 612 2257 647 2297; x_wconf 84' lang='lat' dir='ltr'>ex</span> <span class='ocrx_word' id='word_1_54' title='bbox 672 2242 739 2296; x_wconf 86' lang='lat' dir='ltr'>tebri</span> <span class='ocrx_word' id='word_1_55' title='bbox 760 2242 849 2297; x_wconf 82' lang='lat' dir='ltr'>aoribit</span> <span class='ocrx_word' id='word_1_56' title='bbox 874 2240 940 2297; x_wconf 83' lang='lat' dir='ltr'>iano</span> <span class='ocrx_word' id='word_1_57' title='bbox 957 2242 1067 2312; x_wconf 77' lang='lat' dir='ltr'>eiegiam</span> <span class='ocrx_word' id='word_1_58' title='bbox 1092 2245 1125 2300; x_wconf 91' lang='lat' dir='ltr'>ad</span> <span class='ocrx_word' id='word_1_59' title='bbox 1144 2251 1210 2301; x_wconf 90' lang='lat' dir='ltr'>ami-</span> 
     </span>
     <span class='ocr_line' id='line_1_9' title="bbox 192 2338 1209 2415; baseline 0.008 -24"><span class='ocrx_word' id='word_1_60' title='bbox 192 2352 251 2404; x_wconf 81' lang='lat' dir='ltr'>eoa,</span> <span class='ocrx_word' id='word_1_61' title='bbox 269 2340 315 2406; x_wconf 88' lang='lat' dir='ltr'>qui</span> <span class='ocrx_word' id='word_1_62' title='bbox 332 2340 358 2391; x_wconf 91' lang='lat' dir='ltr'>in</span> <span class='ocrx_word' id='word_1_63' title='bbox 375 2339 489 2393; x_wconf 76' lang='lat' dir='ltr'>thermae</span> <span class='ocrx_word' id='word_1_64' title='bbox 506 2339 629 2393; x_wconf 77' lang='lat' dir='ltr'>Etruriae</span> <span class='ocrx_word' id='word_1_65' title='bbox 646 2338 773 2394; x_wconf 86' lang='lat' dir='ltr'>abierant.</span> <span class='ocrx_word' id='word_1_66' title='bbox 812 2343 943 2398; x_wconf 71' lang='lat' dir='ltr'>(inuritur</span> <span class='ocrx_word' id='word_1_67' title='bbox 960 2357 989 2396; x_wconf 87' lang='lat' dir='ltr'>aa</span> <span class='ocrx_word' id='word_1_68' title='bbox 1007 2342 1034 2395; x_wconf 90' lang='lat' dir='ltr'>iu</span> <span class='ocrx_word' id='word_1_69' title='bbox 1051 2345 1142 2398; x_wconf 81' lang='lat' dir='ltr'>martia</span> <span class='ocrx_word' id='word_1_70' title='bbox 1160 2360 1209 2415; x_wconf 92' lang='lat' dir='ltr'>pe-</span> 
     </span>
     <span class='ocr_line' id='line_1_10' title="bbox 192 2438 1209 2513; baseline 0.007 -23"><span class='ocrx_word' id='word_1_71' title='bbox 192 2438 274 2490; x_wconf 78' lang='lat' dir='ltr'>riculo</span> <span class='ocrx_word' id='word_1_72' title='bbox 298 2438 411 2503; x_wconf 73' lang='lat' dir='ltr'>vernari,</span> <span class='ocrx_word' id='word_1_73' title='bbox 438 2442 465 2489; x_wconf 89' lang='lat' dir='ltr'>et</span> <span class='ocrx_word' id='word_1_74' title='bbox 490 2443 612 2505; x_wconf 73' lang='lat' dir='ltr'>precatur</span> <span class='ocrx_word' id='word_1_75' title='bbox 636 2439 748 2507; x_wconf 89' lang='lat' dir='ltr'>primum</span> <span class='ocrx_word' id='word_1_76' title='bbox 773 2439 957 2508; x_wconf 74' lang='lat' dir='ltr'>Proserpinam</span> <span class='ocrx_word' id='word_1_77' title='bbox 983 2446 1014 2493; x_wconf 89' lang='lat' dir='ltr'>ut</span> <span class='ocrx_word' id='word_1_78' title='bbox 1036 2442 1086 2496; x_wconf 93' lang='lat' dir='ltr'>aibi</span> <span class='ocrx_word' id='word_1_79' title='bbox 1112 2448 1209 2513; x_wconf 80' lang='lat' dir='ltr'>pareat.</span> 
     </span>
     <span class='ocr_line' id='line_1_11' title="bbox 192 2532 1209 2605; baseline 0.008 -18"><span class='ocrx_word' id='word_1_80' title='bbox 192 2536 236 2603; x_wconf 87' lang='lat' dir='ltr'>qui</span> <span class='ocrx_word' id='word_1_81' title='bbox 253 2550 302 2588; x_wconf 87' lang='lat' dir='ltr'>neo</span> <span class='ocrx_word' id='word_1_82' title='bbox 320 2536 444 2588; x_wconf 86' lang='lat' dir='ltr'>meruerit</span> <span class='ocrx_word' id='word_1_83' title='bbox 460 2540 572 2589; x_wconf 87' lang='lat' dir='ltr'>mortem</span> <span class='ocrx_word' id='word_1_84' title='bbox 591 2536 667 2590; x_wconf 78' lang='lat' dir='ltr'>faetta</span> <span class='ocrx_word' id='word_1_85' title='bbox 689 2535 809 2590; x_wconf 77' lang='lat' dir='ltr'>nefandis</span> <span class='ocrx_word' id='word_1_86' title='bbox 827 2538 945 2590; x_wconf 75' lang='lat' dir='ltr'>verbisne</span> <span class='ocrx_word' id='word_1_87' title='bbox 964 2532 1066 2605; x_wconf 64' lang='lat' dir='ltr'>impii,</span> <span class='ocrx_word' id='word_1_88' title='bbox 1090 2548 1119 2593; x_wconf 88' lang='lat' dir='ltr'>et</span> <span class='ocrx_word' id='word_1_89' title='bbox 1135 2544 1209 2595; x_wconf 86' lang='lat' dir='ltr'>inre·</span> 
     </span>
     <span class='ocr_line' id='line_1_12' title="bbox 190 2632 1206 2702; baseline 0.005 -17"><span class='ocrx_word' id='word_1_90' title='bbox 190 2632 231 2686; x_wconf 84' lang='lat' dir='ltr'>nir</span> <span class='ocrx_word' id='word_1_91' title='bbox 257 2632 341 2686; x_wconf 88' lang='lat' dir='ltr'>adhue</span> <span class='ocrx_word' id='word_1_92' title='bbox 368 2635 403 2687; x_wconf 88' lang='lat' dir='ltr'>ait</span> <span class='ocrx_word' id='word_1_93' title='bbox 427 2636 538 2689; x_wconf 78' lang='lat' dir='ltr'>neudum</span> <span class='ocrx_word' id='word_1_94' title='bbox 566 2638 690 2689; x_wconf 82' lang='lat' dir='ltr'>terminos</span> <span class='ocrx_word' id='word_1_95' title='bbox 716 2637 847 2689; x_wconf 75' lang='lat' dir='ltr'>naturales</span> <span class='ocrx_word' id='word_1_96' title='bbox 873 2636 942 2688; x_wconf 82' lang='lat' dir='ltr'>uitae</span> <span class='ocrx_word' id='word_1_97' title='bbox 959 2637 1094 2702; x_wconf 80' lang='lat' dir='ltr'>attigerit.</span> <span class='ocrx_word' id='word_1_98' title='bbox 1138 2641 1206 2696; x_wconf 84' lang='lat' dir='ltr'>Tum</span> 
     </span>
     <span class='ocr_line' id='line_1_13' title="bbox 191 2731 1206 2802; baseline 0.004 -16"><span class='ocrx_word' id='word_1_99' title='bbox 191 2734 282 2788; x_wconf 89' lang='lat' dir='ltr'>iterum</span> <span class='ocrx_word' id='word_1_100' title='bbox 302 2734 336 2787; x_wconf 92' lang='lat' dir='ltr'>ad</span> <span class='ocrx_word' id='word_1_101' title='bbox 353 2751 446 2802; x_wconf 76' lang='lat' dir='ltr'>precer</span> <span class='ocrx_word' id='word_1_102' title='bbox 464 2737 532 2789; x_wconf 87' lang='lat' dir='ltr'>redit</span> <span class='ocrx_word' id='word_1_103' title='bbox 549 2743 578 2789; x_wconf 91' lang='lat' dir='ltr'>ut</span> <span class='ocrx_word' id='word_1_104' title='bbox 596 2736 747 2790; x_wconf 78' lang='lat' dir='ltr'>abstineant</span> <span class='ocrx_word' id='word_1_105' title='bbox 766 2735 843 2789; x_wconf 78' lang='lat' dir='ltr'>interi</span> <span class='ocrx_word' id='word_1_106' title='bbox 861 2733 912 2800; x_wconf 89' lang='lat' dir='ltr'>dii,</span> <span class='ocrx_word' id='word_1_107' title='bbox 936 2731 1093 2800; x_wconf 77' lang='lat' dir='ltr'>mandatque</span> <span class='ocrx_word' id='word_1_108' title='bbox 1110 2735 1136 2785; x_wconf 93' lang='lat' dir='ltr'>in</span> <span class='ocrx_word' id='word_1_109' title='bbox 1154 2739 1206 2790; x_wconf 89' lang='lat' dir='ltr'>tine</span> 
     </span>
     <span class='ocr_line' id='line_1_14' title="bbox 172 2833 1206 2906; baseline -0.002 -17"><span class='ocrx_word' id='word_1_110' title='bbox 172 2894 175 2899; x_wconf 49' lang='lat'>‚</span> <span class='ocrx_word' id='word_1_111' title='bbox 190 2835 267 2889; x_wconf 88' lang='lat' dir='ltr'>etiam</span> <span class='ocrx_word' id='word_1_112' title='bbox 285 2836 391 2901; x_wconf 79' lang='lat' dir='ltr'>amicir,</span> <span class='ocrx_word' id='word_1_113' title='bbox 409 2841 439 2887; x_wconf 90' lang='lat' dir='ltr'>nt</span> <span class='ocrx_word' id='word_1_114' title='bbox 456 2836 581 2890; x_wconf 78' lang='lat' dir='ltr'>sacrificia</span> <span class='ocrx_word' id='word_1_115' title='bbox 601 2837 754 2906; x_wconf 81' lang='lat' dir='ltr'>promittant</span> <span class='ocrx_word' id='word_1_116' title='bbox 773 2835 879 2889; x_wconf 80' lang='lat' dir='ltr'>Plutoni</span> <span class='ocrx_word' id='word_1_117' title='bbox 898 2848 946 2903; x_wconf 90' lang='lat' dir='ltr'>pro</span> <span class='ocrx_word' id='word_1_118' title='bbox 963 2833 1047 2886; x_wconf 78' lang='lat' dir='ltr'>reluta</span> <span class='ocrx_word' id='word_1_119' title='bbox 1065 2846 1121 2884; x_wconf 84' lang='lat' dir='ltr'>aua.</span> <span class='ocrx_word' id='word_1_120' title='bbox 1158 2835 1206 2887; x_wconf 87' lang='lat' dir='ltr'>Vi-</span> 
     </span>
     <span class='ocr_line' id='line_1_15' title="bbox 191 2934 1208 3003; baseline -0.001 -17"><span class='ocrx_word' id='word_1_121' title='bbox 191 2934 242 2987; x_wconf 73' lang='lat' dir='ltr'>der</span> <span class='ocrx_word' id='word_1_122' title='bbox 253 2934 364 3003; x_wconf 83' lang='lat' dir='ltr'>ainrpiex</span> <span class='ocrx_word' id='word_1_123' title='bbox 387 2950 446 2988; x_wconf 83' lang='lat' dir='ltr'>erae</span> <span class='ocrx_word' id='word_1_124' title='bbox 463 2951 577 2989; x_wconf 82' lang='lat' dir='ltr'>earmeu·</span> <span class='ocrx_word' id='word_1_125' title='bbox 611 2936 689 2989; x_wconf 87' lang='lat' dir='ltr'>Domi</span> <span class='ocrx_word' id='word_1_126' title='bbox 707 2938 779 2990; x_wconf 78' lang='lat' dir='ltr'>aolus</span> <span class='ocrx_word' id='word_1_127' title='bbox 797 2943 920 3003; x_wconf 74' lang='lat' dir='ltr'>aegrotus</span> <span class='ocrx_word' id='word_1_128' title='bbox 940 2934 1027 2987; x_wconf 81' lang='lat' dir='ltr'>iucem</span> <span class='ocrx_word' id='word_1_129' title='bbox 1044 2938 1124 3001; x_wconf 88' lang='lat' dir='ltr'>poeta</span> <span class='ocrx_word' id='word_1_130' title='bbox 1145 2948 1208 3001; x_wconf 83' lang='lat' dir='ltr'>pro-</span> 
     </span>
     <span class='ocr_line' id='line_1_16' title="bbox 190 3030 1206 3101; baseline -0.001 -17"><span class='ocrx_word' id='word_1_131' title='bbox 190 3033 231 3084; x_wconf 83' lang='lat' dir='ltr'>cui</span> <span class='ocrx_word' id='word_1_132' title='bbox 249 3032 283 3085; x_wconf 89' lang='lat' dir='ltr'>ab</span> <span class='ocrx_word' id='word_1_133' title='bbox 301 3032 406 3100; x_wconf 81' lang='lat' dir='ltr'>amicir,</span> <span class='ocrx_word' id='word_1_134' title='bbox 431 3038 460 3086; x_wconf 92' lang='lat' dir='ltr'>ut</span> <span class='ocrx_word' id='word_1_135' title='bbox 478 3035 522 3100; x_wconf 87' lang='lat' dir='ltr'>tit,</span> <span class='ocrx_word' id='word_1_136' title='bbox 547 3035 652 3100; x_wconf 74' lang='lat' dir='ltr'>gravius</span> <span class='ocrx_word' id='word_1_137' title='bbox 670 3039 815 3087; x_wconf 82' lang='lat' dir='ltr'>commutor</span> <span class='ocrx_word' id='word_1_138' title='bbox 833 3030 994 3101; x_wconf 74' lang='lat' dir='ltr'>cogitatione</span> <span class='ocrx_word' id='word_1_139' title='bbox 1013 3030 1103 3083; x_wconf 82' lang='lat' dir='ltr'>mortio</span> <span class='ocrx_word' id='word_1_140' title='bbox 1122 3030 1206 3083; x_wconf 79' lang='lat' dir='ltr'>effun-</span> 
     </span>
     <span class='ocr_line' id='line_1_17' title="bbox 189 3130 1206 3200; baseline -0.001 -17"><span class='ocrx_word' id='word_1_141' title='bbox 189 3130 276 3184; x_wconf 75' lang='lat' dir='ltr'>ditiis</span> <span class='ocrx_word' id='word_1_142' title='bbox 294 3147 472 3187; x_wconf 75' lang='lat' dir='ltr'>remanorum.</span> <span class='ocrx_word' id='word_1_143' title='bbox 507 3133 616 3200; x_wconf 77' lang='lat' dir='ltr'>Regnat</span> <span class='ocrx_word' id='word_1_144' title='bbox 639 3132 720 3199; x_wconf 79' lang='lat' dir='ltr'>igitur</span> <span class='ocrx_word' id='word_1_145' title='bbox 742 3131 769 3184; x_wconf 88' lang='lat' dir='ltr'>iu</span> <span class='ocrx_word' id='word_1_146' title='bbox 792 3136 849 3183; x_wconf 86' lang='lat' dir='ltr'>tatu</span> <span class='ocrx_word' id='word_1_147' title='bbox 873 3130 964 3183; x_wconf 74' lang='lat' dir='ltr'>mortio</span> <span class='ocrx_word' id='word_1_148' title='bbox 988 3134 1089 3193; x_wconf 80' lang='lat' dir='ltr'>metue,</span> <span class='ocrx_word' id='word_1_149' title='bbox 1113 3134 1140 3183; x_wconf 89' lang='lat' dir='ltr'>et</span> <span class='ocrx_word' id='word_1_150' title='bbox 1161 3144 1206 3182; x_wconf 83' lang='lat' dir='ltr'>re-</span> 
     </span>
     <span class='ocr_line' id='line_1_18' title="bbox 187 3226 1205 3300; baseline 0.003 -20"><span class='ocrx_word' id='word_1_151' title='bbox 187 3227 268 3282; x_wconf 85' lang='lat' dir='ltr'>deunt</span> <span class='ocrx_word' id='word_1_152' title='bbox 284 3231 370 3283; x_wconf 87' lang='lat' dir='ltr'>omnia</span> <span class='ocrx_word' id='word_1_153' title='bbox 396 3229 430 3283; x_wconf 90' lang='lat' dir='ltr'>ad</span> <span class='ocrx_word' id='word_1_154' title='bbox 459 3233 635 3300; x_wconf 76' lang='lat' dir='ltr'>precationem</span> <span class='ocrx_word' id='word_1_155' title='bbox 659 3231 768 3285; x_wconf 86' lang='lat' dir='ltr'>deorum</span> <span class='ocrx_word' id='word_1_156' title='bbox 792 3235 823 3283; x_wconf 90' lang='lat' dir='ltr'>ut</span> <span class='ocrx_word' id='word_1_157' title='bbox 847 3233 963 3298; x_wconf 85' lang='lat' dir='ltr'>pareant.</span> <span class='ocrx_word' id='word_1_158' title='bbox 997 3226 1053 3280; x_wconf 87' lang='lat' dir='ltr'>Iam</span> <span class='ocrx_word' id='word_1_159' title='bbox 1072 3227 1205 3283; x_wconf 78' lang='lat' dir='ltr'>videamur</span> 
     </span>
     <span class='ocr_line' id='line_1_19' title="bbox 185 3325 1203 3398; baseline -0.002 -17"><span class='ocrx_word' id='word_1_160' title='bbox 185 3326 336 3383; x_wconf 75' lang='lat' dir='ltr'>divinionem</span> <span class='ocrx_word' id='word_1_161' title='bbox 361 3330 493 3398; x_wconf 86' lang='lat' dir='ltr'>poetieam</span> <span class='ocrx_word' id='word_1_162' title='bbox 516 3329 645 3382; x_wconf 77' lang='lat' dir='ltr'>earmiuia.</span> <span class='ocrx_word' id='word_1_163' title='bbox 682 3327 712 3380; x_wconf 90' lang='lat' dir='ltr'>Si</span> <span class='ocrx_word' id='word_1_164' title='bbox 740 3326 798 3394; x_wconf 82' lang='lat' dir='ltr'>quia</span> <span class='ocrx_word' id='word_1_165' title='bbox 823 3325 861 3379; x_wconf 88' lang='lat' dir='ltr'>ita</span> <span class='ocrx_word' id='word_1_166' title='bbox 884 3325 983 3379; x_wconf 85' lang='lat' dir='ltr'>dividat</span> <span class='ocrx_word' id='word_1_167' title='bbox 1006 3329 1106 3391; x_wconf 88' lang='lat' dir='ltr'>totum,</span> <span class='ocrx_word' id='word_1_168' title='bbox 1134 3332 1164 3379; x_wconf 90' lang='lat' dir='ltr'>ut</span> <span class='ocrx_word' id='word_1_169' title='bbox 1187 3342 1203 3379; x_wconf 91' lang='lat' dir='ltr'>a</span> 
     </span>
     <span class='ocr_line' id='line_1_20' title="bbox 185 3423 1204 3497; baseline -0.001 -16"><span class='ocrx_word' id='word_1_170' title='bbox 185 3442 209 3481; x_wconf 84' lang='lat' dir='ltr'>r·</span> <span class='ocrx_word' id='word_1_171' title='bbox 228 3432 300 3484; x_wconf 79' lang='grc'><strong>1-6.</strong></span> <span class='ocrx_word' id='word_1_172' title='bbox 319 3428 455 3483; x_wconf 79' lang='lat' dir='ltr'>exordium</span> <span class='ocrx_word' id='word_1_173' title='bbox 475 3428 569 3497; x_wconf 86' lang='lat' dir='ltr'>ponat,</span> <span class='ocrx_word' id='word_1_174' title='bbox 587 3424 682 3478; x_wconf 86' lang='lat' dir='ltr'>deiude</span> <span class='ocrx_word' id='word_1_175' title='bbox 699 3440 716 3478; x_wconf 90' lang='lat' dir='ltr'>a</span> <span class='ocrx_word' id='word_1_176' title='bbox 733 3441 758 3478; x_wconf 87' lang='lat' dir='ltr'>v.</span> <span class='ocrx_word' id='word_1_177' title='bbox 778 3428 869 3479; x_wconf 71' lang='grc' dir='ltr'>ΜΘ.</span> <span class='ocrx_word' id='word_1_178' title='bbox 887 3423 1001 3479; x_wconf 91' lang='lat' dir='ltr'>medium</span> <span class='ocrx_word' id='word_1_179' title='bbox 1019 3440 1137 3494; x_wconf 81' lang='lat' dir='ltr'>carmen,</span> <span class='ocrx_word' id='word_1_180' title='bbox 1154 3442 1204 3496; x_wconf 90' lang='lat' dir='ltr'>po-</span> 
     </span>
     <span class='ocr_line' id='line_1_21' title="bbox 184 3522 1205 3596; baseline 0.007 -22"><span class='ocrx_word' id='word_1_181' title='bbox 184 3529 280 3578; x_wconf 74' lang='lat' dir='ltr'>otranno</span> <span class='ocrx_word' id='word_1_182' title='bbox 296 3529 396 3582; x_wconf 86' lang='lat' dir='ltr'>exitum</span> <span class='ocrx_word' id='word_1_183' title='bbox 413 3527 447 3581; x_wconf 86' lang='lat' dir='ltr'>ad</span> <span class='ocrx_word' id='word_1_184' title='bbox 467 3527 574 3592; x_wconf 69' lang='lat' dir='ltr'>amieos,</span> <span class='ocrx_word' id='word_1_185' title='bbox 592 3522 698 3577; x_wconf 81' lang='lat' dir='ltr'>habebit</span> <span class='ocrx_word' id='word_1_186' title='bbox 716 3525 853 3580; x_wconf 79' lang='lat' dir='ltr'>exordium</span> <span class='ocrx_word' id='word_1_187' title='bbox 875 3528 1050 3595; x_wconf 76' lang='lat' dir='ltr'>precationem</span> <span class='ocrx_word' id='word_1_188' title='bbox 1067 3526 1205 3596; x_wconf 68' lang='lat' dir='ltr'>Proserpi-</span> 
     </span>
     <span class='ocr_line' id='line_1_22' title="bbox 187 3626 1204 3697; baseline 0.006 -24"><span class='ocrx_word' id='word_1_189' title='bbox 187 3634 251 3685; x_wconf 88' lang='lat' dir='ltr'>uue,</span> <span class='ocrx_word' id='word_1_190' title='bbox 268 3626 382 3679; x_wconf 87' lang='lat' dir='ltr'>medium</span> <span class='ocrx_word' id='word_1_191' title='bbox 398 3642 504 3681; x_wconf 84' lang='lat' dir='ltr'>earmeu</span> <span class='ocrx_word' id='word_1_192' title='bbox 521 3632 609 3680; x_wconf 90' lang='lat' dir='ltr'>autem</span> <span class='ocrx_word' id='word_1_193' title='bbox 628 3640 720 3680; x_wconf 84' lang='lat' dir='ltr'>aauaaa</span> <span class='ocrx_word' id='word_1_194' title='bbox 738 3627 896 3697; x_wconf 73' lang='lat' dir='ltr'>precationis</span> <span class='ocrx_word' id='word_1_195' title='bbox 912 3637 941 3677; x_wconf 79' lang='lat' dir='ltr'>ar</span> <span class='ocrx_word' id='word_1_196' title='bbox 958 3628 1095 3694; x_wconf 88' lang='lat' dir='ltr'>repetitam</span> <span class='ocrx_word' id='word_1_197' title='bbox 1112 3641 1204 3693; x_wconf 76' lang='lat' dir='ltr'>preca·</span> 
     </span>
     <span class='ocr_line' id='line_1_23' title="bbox 186 3714 1204 3795; baseline 0.009 -29"><span class='ocrx_word' id='word_1_198' title='bbox 186 3714 282 3770; x_wconf 82' lang='lat' dir='ltr'>tionem</span> <span class='ocrx_word' id='word_1_199' title='bbox 301 3720 442 3778; x_wconf 80' lang='lat' dir='ltr'>iuiarorum</span> <span class='ocrx_word' id='word_1_200' title='bbox 458 3725 585 3791; x_wconf 86' lang='lat' dir='ltr'>deorum,</span> <span class='ocrx_word' id='word_1_201' title='bbox 613 3720 637 3776; x_wconf 84' lang='lat' dir='ltr'>h.</span> <span class='ocrx_word' id='word_1_202' title='bbox 656 3738 681 3777; x_wconf 81' lang='lat' dir='ltr'>e·</span> <span class='ocrx_word' id='word_1_203' title='bbox 708 3724 883 3795; x_wconf 83' lang='lat' dir='ltr'>oompoaitum</span> <span class='ocrx_word' id='word_1_204' title='bbox 901 3723 952 3775; x_wconf 86' lang='lat' dir='ltr'>erit</span> <span class='ocrx_word' id='word_1_205' title='bbox 970 3720 1082 3775; x_wconf 87' lang='lat' dir='ltr'>medium</span> <span class='ocrx_word' id='word_1_206' title='bbox 1101 3736 1204 3775; x_wconf 77' lang='lat' dir='ltr'>carmen</span> 
     </span>
     <span class='ocr_line' id='line_1_24' title="bbox 188 3810 1206 3894; baseline 0.011 -33"><span class='ocrx_word' id='word_1_207' title='bbox 188 3824 221 3861; x_wconf 84' lang='lat' dir='ltr'>ex</span> <span class='ocrx_word' id='word_1_208' title='bbox 238 3810 405 3871; x_wconf 73' lang='lat' dir='ltr'>dimimiiibua</span> <span class='ocrx_word' id='word_1_209' title='bbox 422 3823 548 3891; x_wconf 77' lang='lat' dir='ltr'>partibnn,</span> <span class='ocrx_word' id='word_1_210' title='bbox 565 3836 670 3892; x_wconf 85' lang='lat' dir='ltr'>quarum</span> <span class='ocrx_word' id='word_1_211' title='bbox 688 3825 819 3894; x_wconf 74' lang='lat' dir='ltr'>posterior</span> <span class='ocrx_word' id='word_1_212' title='bbox 833 3818 917 3872; x_wconf 85' lang='lat' dir='ltr'>atieuo</span> <span class='ocrx_word' id='word_1_213' title='bbox 933 3819 992 3871; x_wconf 83' lang='lat' dir='ltr'>loeo</span> <span class='ocrx_word' id='word_1_214' title='bbox 1004 3818 1099 3885; x_wconf 80' lang='lat' dir='ltr'>perita.</span> <span class='ocrx_word' id='word_1_215' title='bbox 1134 3816 1206 3872; x_wconf 83' lang='lat' dir='ltr'>Lau·</span> 
     </span>
     <span class='ocr_line' id='line_1_25' title="bbox 187 3909 1207 3999; baseline 0.008 -38"><span class='ocrx_word' id='word_1_216' title='bbox 187 3909 290 3976; x_wconf 62' lang='grc' dir='ltr'>ἀπεαπ,</span> <span class='ocrx_word' id='word_1_217' title='bbox 316 3913 447 3972; x_wconf 78' lang='lat' dir='ltr'>otaxitua</span> <span class='ocrx_word' id='word_1_218' title='bbox 473 3927 608 3994; x_wconf 65' lang='lat' dir='ltr'>repetitam</span> <span class='ocrx_word' id='word_1_219' title='bbox 633 3934 813 3999; x_wconf 54' lang='lat' dir='ltr'>procationem</span> <span class='ocrx_word' id='word_1_220' title='bbox 838 3915 937 3976; x_wconf 81' lang='lat' dir='ltr'>exordii</span> <span class='ocrx_word' id='word_1_221' title='bbox 955 3914 1063 3970; x_wconf 83' lang='lat' dir='ltr'>haberet</span> <span class='ocrx_word' id='word_1_222' title='bbox 1083 3917 1207 3986; x_wconf 78' lang='lat' dir='ltr'>arpoaitio</span> 
     </span>
     <span class='ocr_line' id='line_1_26' title="bbox 186 4010 1209 4131; baseline 0.006 -68"><span class='ocrx_word' id='word_1_223' title='bbox 186 4010 212 4063; x_wconf 89' lang='lat' dir='ltr'>iu</span> <span class='ocrx_word' id='word_1_224' title='bbox 230 4012 317 4065; x_wconf 84' lang='lat' dir='ltr'>medio</span> <span class='ocrx_word' id='word_1_225' title='bbox 336 4017 452 4073; x_wconf 82' lang='lat' dir='ltr'>earmina</span> <span class='ocrx_word' id='word_1_226' title='bbox 475 4025 559 4078; x_wconf 82' lang='lat' dir='ltr'>onmia</span> <span class='ocrx_word' id='word_1_227' title='bbox 583 4029 759 4131; x_wconf 48' lang='lat' dir='ltr'>premtionpp’</span> <span class='ocrx_word' id='word_1_228' title='bbox 789 4026 849 4092; x_wconf 72' lang='lat' dir='ltr'>talio</span> <span class='ocrx_word' id='word_1_229' title='bbox 868 4017 937 4076; x_wconf 85' lang='lat' dir='ltr'>euim</span> <span class='ocrx_word' id='word_1_230' title='bbox 961 4013 1054 4070; x_wconf 74' lang='lat' dir='ltr'>uitiato</span> <span class='ocrx_word' id='word_1_231' title='bbox 1079 4016 1209 4079; x_wconf 84' lang='lat' dir='ltr'>ooneiuna,</span> 
     </span>
    </p>
   </div>
   <div class='ocr_carea' id='block_1_5' title="bbox 0 0 1510 4725">
    <p class='ocr_par' dir='ltr' id='par_1_5' title="bbox 0 0 1510 4725">
     <span class='ocr_line' id='line_1_27' title="bbox 0 0 1510 4725; baseline 0 3"><span class='ocrx_word' id='word_1_232' title='bbox 0 0 1510 4725; x_wconf 95' lang='lat' dir='ltr'> </span> 
     </span>
    </p>
   </div>
  </div>
 </body>
</html>
