3009 4725
293 426 365 467 cm
699 400 758 464 DE
779 398 901 470 POESI

293 579 361 640 aliis
391 597 483 659 saepe
512 584 714 657 usurpantur.
769 575 942 637 Veniamus
968 573 1007 636 ad
1030 581 1152 658 primum
1176 600 1313 644 emman.

296 693 376 755 Cum
401 691 552 756 Kalendis
575 690 698 754 Martiis
723 688 808 751 dona
832 692 912 753 mitti
941 693 1079 753 solerent
1105 692 1256 756 uxoribus
1282 701 1339 755 et'

294 811 408 892 puellis
434 809 560 884 amatis,
593 806 685 868 etiam
711 820 805 888 poeta
827 829 911 869 nunc
935 809 995 870 hac
1017 808 1182 871 festivitate
1204 811 1312 887 utitur,

295 939 331 989 ut
347 947 379 986 se
398 922 594 986 commendet
609 922 760 986 Neaerae.
802 921 973 986 Constituit
988 935 1091 985 autem
1108 922 1312 985 suadentibus

295 1039 395 1102 Musis
422 1042 596 1101 carminum
624 1056 755 1098 suorum
780 1037 927 1100 volumen
952 1035 1082 1098 mittere.
1132 1037 1198 1096 lam
1219 1036 1314 1115 igitur

294 1164 386 1233 parat
406 1153 523 1214 librum
542 1151 674 1230 eleganti
692 1161 821 1226 ornatu,
843 1170 937 1232 quem
956 1171 1015 1231 per
1029 1150 1139 1212 Musas
1156 1153 1315 1212 transmit-

295 1266 348 1343 tit,
369 1278 401 1327 et
417 1262 503 1327 addit
520 1263 612 1326 etiam
629 1265 727 1327 verba
744 1260 865 1336 mollia,
890 1261 1007 1346 qtsibns
1027 1275 1160 1326 testatur
1177 1284 1316 1327 amorem

296 1381 458 1456 intimum,
489 1391 520 1440 et
540 1398 626 1460 spem
648 1375 784 1456 coniugii
811 1377 945 1439 affirmat
971 1378 1100 1441 nonnisi
1123 1400 1193 1442 cnm
1214 1390 1315 1441 morte
1419 1437 1426 1447 ,

297 1513 330 1554 se
356 1489 574 1554 demissarum.
623 1490 768 1552 Iuventio
795 1511 833 1552 eo
859 1488 1016 1572 displicet,
1044 1490 1129 1575 quod
1156 1492 1195 1554 ad
1218 1496 1315 1557 eollo-

298 1606 409 1692 quium
433 1629 503 1670 cum
524 1606 624 1668 Musis
646 1605 753 1668 onmia
778 1618 851 1667 suut
873 1617 1028 1668 revocata.
1077 1607 1202 1670 Divisio
1224 1628 1317 1687 argu·

297 1726 395 1787 menti
422 1736 548 1805 aperta:
582 1734 646 1805 poss
672 1727 813 1785 introitum
841 1736 905 1785 snat
934 1725 1011 1786 duae
1039 1740 1138 1808 portes
1166 1747 1319 1804 congruae,

298 1842 396 1903 altera
419 1841 537 1903 librum
562 1836 758 1916 describens,
788 1840 886 1902 altera
908 1843 1004 1905 verba
1027 1863 1207 1925 exponens,
1237 1865 1319 1927 quae

299 1952 372 2017 addi
394 1953 529 2016 debeant
549 1951 650 2030 dono,
680 1961 767 2038 pansi
780 1968 844 2039 post
861 1959 1002 2040 proodum
1022 1962 1168 2041 stropham
1193 1971 1220 2019 st
1245 1965 1319 2019 anti-

297 2070 442 2152 stropham
462 2089 563 2152 ponas.
605 2064 699 2142 Quod
716 2090 814 2148 genus
834 2070 954 2145 lprmae
969 2073 1096 2132 minime
1112 2069 1317 2133 iniucundum

300 2198 332 2247 et
352 2187 426 2247 huic
447 2183 611 2266 proposito
633 2197 814 2264 argumento
838 2186 979 2265 apprime
1001 2198 1119 2265 aptum.
1168 2184 1229 2246 Sed
1250 2205 1318 2246 non

301 2313 348 2364 est
363 2300 543 2362 Tibulliana
562 2312 731 2380 structura,
754 2300 829 2384 quia
848 2298 950 2382 epodo
970 2311 1068 2378 caret,
1089 2312 1126 2361 ut
1145 2302 1188 2365 ita
1207 2299 1318 2379 dicam,

299 2416 334 2478 h.
349 2435 376 2476 e.
395 2415 477 2499 quia,
486 2412 632 2477 directior
651 2416 751 2477 exitus
774 2415 874 2490 abest,
896 2436 967 2475 cnm
988 2436 1072 2476 nttnc
1094 2418 1163 2498 ipsa
1182 2418 1319 2480 secunda

300 2544 390 2615 parte
408 2532 605 2595 contineatur
621 2529 691 2593 finis
707 2529 863 2592 carminis.
905 2531 976 2592 Alia
992 2552 1041 2592 res
1060 2544 1107 2593 est
1123 2532 1156 2593 in
1177 2535 1321 2615 opposita

300 2652 417 2730 forma,
440 2674 533 2735 quam
550 2670 646 2731 snpra
667 2645 790 2711 ostendi
809 2669 828 2708 a
844 2647 974 2710 Tibullo
995 2661 1187 2730 usurpatam.
1229 2649 1322 2714 Cete-

302 2787 372 2828 rum
394 2765 589 2847 comparabis
610 2783 735 2826 carmen
757 2761 813 2837 IV,
829 2767 860 2822 2.
879 2773 909 2823 et
925 2762 1028 2843 ipsum
1037 2762 1186 2827 Kalendis
1199 2765 1323 2828 Martiis

302 2880 467 2961 scriptum,
489 2890 523 2940 ut
542 2877 639 2939 discas
659 2874 735 2957 quid
755 2875 793 2935 sit
811 2895 885 2937 vere
901 2874 1124 2939 Tibullianum.
1137 2913 1180 2925 -
1206 2878 1323 2943 Viden.

302 3015 372 3057 mus
395 3015 479 3056 nuuc
504 2992 593 3052 aliam
612 2984 743 3070 formam
766 2985 937 3047 notabilem
963 2987 1094 3065 elegiae,
1128 2992 1178 3051 nbi
1196 2997 1224 3053 in
1249 2995 1325 3055 duas

303 3113 413 3169 omnino
441 3118 541 3189 partes
570 3104 701 3167 datiuum·
731 3114 837 3178 totana,
875 3123 1008 3184 quarum
1038 3104 1175 3167 secunda
1204 3121 1325 3190 repetat

305 3224 374 3285 aliis
402 3220 507 3284 verbis
532 3221 683 3299 priorem.
731 3218 777 3278 Ac
804 3218 893 3297 prior
915 3218 1078 3280 introitum
1104 3222 1138 3282 in
1165 3223 1326 3299 sehabet,

306 3333 464 3415 posterior
479 3333 598 3396 exitum
615 3332 768 3397 carminis.
812 3331 892 3395 Cum
908 3335 1005 3413 elegia
1020 3349 1102 3399 amet
1114 3337 1326 3417 repetitiones,

308 3465 427 3527 eaeque
449 3445 575 3509 affectui
594 3448 721 3510 minime
742 3460 937 3529 repugnent,
963 3446 1018 3511 sed
1040 3450 1242 3526 conveniant,
1269 3471 1327 3529 per

308 3581 341 3623 se
363 3559 457 3621 etiam
478 3560 540 3623 hoc
560 3582 656 3642 genus
677 3562 813 3638 bonum,
835 3575 866 3623 et
882 3560 1025 3625 videmus
1043 3565 1118 3624 alias
1140 3575 1233 3646 atque
1251 3562 1327 3625 alias

306 3673 437 3759 prodire
459 3676 595 3754 formas,
624 3677 740 3758 quibus
761 3676 808 3737 uti
827 3676 920 3740 liceat
937 3698 996 3759 pro
1015 3677 1188 3758 argumenti
1204 3678 1328 3739 ratione

309 3794 462 3874 elegiacae
476 3794 545 3855 arti.
587 3788 786 3876 Quamquam
804 3793 897 3855 etiam
911 3790 988 3855 ltaec
998 3794 1178 3856 Tibulliana
1191 3810 1255 3854 non
1276 3804 1332 3869 est,

308 3910 417 3973 relicta
439 3908 592 3972 divisione
612 3908 853 3971 architectonica
872 3909 966 3970 trium
988 3909 1124 3989 partium
1141 3906 1235 3969 Albio
1256 3906 1332 3981 legi-

312 4027 404 4102 tima,
432 4037 463 4084 et
483 4024 557 4085 scite
577 4020 702 4084 tractari
724 4018 879 4081 debetne
900 4018 1005 4079 ieiuna
1026 4020 1067 4080 sit
1086 4016 1248 4096 repetitio,
1276 4011 1332 4074 sed

312 4136 487 4217 ingeniosa,
510 4146 541 4195 et
562 4154 660 4199 novos
683 4135 802 4197 colores
825 4132 947 4196 habeat.
990 4128 1150 4212 Lygdamo
1168 4126 1201 4188 in
1221 4149 1332 4191 ananus
