3009 4725
328 365 378 432 22
643 361 827 435 TIBULLI
863 363 947 437 LIB.
967 366 994 439 I.
1012 383 1037 438 6.

373 544 419 619 Aa
445 544 529 618 mibi
555 546 584 617 si
611 543 749 637 credas,
782 545 876 621 illam
901 576 1027 652 sequar
1052 579 1142 626 unus
1169 552 1214 627 ad
1242 579 1333 630 aras:

423 674 523 746 Tunc
547 671 632 746 mihi
658 702 730 748 non
754 675 862 751 oculis
888 677 932 752 sit
957 679 1110 755 timuisse
1132 683 1225 756 meis.

331 802 505 904 2⁵Sacpe,
535 801 627 878 velut
651 831 802 905 gemmas
829 807 902 882 cius
927 810 1133 913 signumque
1153 811 1354 913 probarem,

335 997 343 1006 .
422 931 490 1004 Per
515 959 651 1008 causam
677 934 817 1009 memini
842 964 896 1011 me
918 938 1066 1038 tetigisse
1091 969 1253 1017 manum:

373 1062 483 1164 Saepe
507 1090 602 1138 mero
627 1092 786 1140 somnum
802 1068 921 1170 peperi
947 1069 1021 1160 tibi,
1047 1088 1080 1145 at
1100 1071 1175 1173 ipse
1194 1072 1353 1149 bibebam

425 1191 550 1267 Sobria
574 1194 753 1296 supposita
779 1196 905 1298 pocula
930 1198 1039 1275 victor
1063 1229 1162 1301 aqua.

370 1323 449 1397 Non
476 1349 540 1421 ego
568 1340 599 1397 te
625 1321 707 1399 laesi
734 1324 907 1428 prudens:
948 1328 1086 1429 ignosce
1112 1331 1238 1404 latenti.

333 1472 370 1526 30
427 1451 531 1527 Iussit
549 1452 676 1528 Amor:
714 1474 833 1530 contra
855 1457 932 1559 quis
958 1459 1044 1532 serat
1064 1487 1158 1532 arma
1183 1458 1289 1532 deos?

372 1580 433 1659 IlIc
457 1611 520 1682 ego
548 1612 642 1675 sum,
676 1612 739 1660 nec
765 1614 819 1660 mc
842 1586 909 1672 iarn
938 1587 1051 1662 dicere
1075 1615 1154 1662 vera
1180 1588 1342 1691 pudebit,

428 1712 581 1787 Instabat
606 1730 676 1788 tota
703 1714 759 1788 cui
785 1733 843 1789 tua
868 1733 968 1791 nocte
994 1718 1098 1792 canis.

379 1842 474 1939 Quid
491 1860 606 1918 tenera
628 1843 690 1919 tibi
715 1846 859 1945 coniuge
878 1849 991 1948 opus?
1013 1866 1072 1923 tua
1092 1849 1121 1924 si
1138 1849 1231 1925 bona
1246 1849 1354 1924 nescis

428 1973 589 2063 Servare,
624 1972 752 2050 trustra
779 1975 880 2051 clavis
905 1976 994 2052 inest
1018 1979 1159 2052 foribus.

335 2104 427 2176 35Tc
455 2121 562 2193 tenet,
589 2104 745 2179 absentes
771 2106 855 2181 alios
881 2107 1030 2208 suspirat
1056 2132 1186 2178 annones
1247 2119 1250 2127 '

425 2233 469 2307 Et
493 2233 630 2308 simulat
655 2235 770 2309 subito
797 2234 1012 2308 condoluisse
1035 2250 1144 2332 caput.

378 2364 425 2437 At
444 2362 529 2437 mihi
551 2362 752 2439 servandam
780 2361 915 2436 credas:
951 2389 1022 2435 non
1048 2390 1146 2436 saeva
1173 2389 1292 2436 recuso

426 2494 598 2582 Verbera,
624 2491 774 2565 detracto
801 2519 872 2564 non
895 2518 959 2591 ego
984 2489 1095 2565 vincla
1116 2491 1253 2593 pedum.

378 2625 409 2696 T
410 2640 468 2697 unt
493 2619 614 2724 procul
640 2620 777 2712 absitis,
810 2620 966 2722 quisquis
989 2621 1070 2696 colit
1095 2640 1166 2698 arte
1192 2620 1343 2725 capillos,

336 2769 373 2829 4ο
431 2753 473 2826 Et
498 2750 574 2826 lluit
597 2751 708 2827 cliuso
736 2752 790 2827 cui
814 2769 893 2850 toga
918 2749 993 2827 laxa
1017 2751 1116 2826 sinu:

410 3068 499 3122 vus.
522 3069 743 3138 signumque,
768 3073 848 3121 recte.
885 3066 981 3122 Puttda
1000 3064 1041 3121 blo
1061 3067 1213 3121 diatonum
1233 3062 1357 3133 pernota

337 3162 485 3235 signumve.

410 3292 499 3348 V.84.
532 3293 700 3355 Servare,
732 3289 868 3345 trustra
899 3306 959 3344 cum
990 3290 1095 3361 optimis
1125 3290 1203 3342 ctiam
1226 3284 1359 3354 Excerptu

340 3390 467 3445 Furrina.
509 3390 561 3444 Atti
586 3390 751 3459 interponunt
775 3388 820 3445 ab.
839 3418 875 3429 -
917 3392 949 3446 V.
962 3394 1007 3442 38.
1029 3389 1192 3441 detracto
1217 3385 1310 3437 Ριιιι.
1331 3388 1359 3434 ct

341 3492 506 3545 nsaiano.
549 3490 636 3558 Vulgo
661 3489 787 3546 detrecto.
829 3488 950 3542 Nondum
977 3504 1039 3541 vero
1063 3485 1124 3538 mitit
1148 3488 1249 3536 conant
1272 3488 1358 3533 tersae

340 3592 451 3644 orationi
468 3590 566 3643 'rthutti
589 3589 654 3642 ittud
672 3590 755 3654 nagia
776 3590 914 3641 convenire
936 3602 1012 3654 quam
1037 3583 1093 3637 boc.
1111 3610 1148 3622 -
1184 3581 1216 3632 V.
1226 3580 1270 3631 ³9.
1294 3578 1359 3629 colis

340 3691 419 3756 vulgo
438 3688 471 3741 do
489 3689 637 3740 coniectura
654 3689 758 3739 Grues.
773 3712 808 3725 ·-
844 3686 876 3739 V.
884 3688 929 3737 40.
946 3680 1044 3749 Effluit
1062 3679 1269 3742 Lrouuannus,
1288 3676 1358 3744 quod

339 3802 404 3841 eene
424 3787 448 3840 in
467 3785 605 3854 ptarthue
642 3783 701 3852 Ego
717 3800 780 3837 vero
797 3785 891 3836 iterum
906 3778 996 3849 rennui
1013 3778 1083 3846 quod
1101 3778 1126 3830 iu
1144 3778 1202 3829 alite
1221 3775 1262 3828 Et
1280 3775 1362 3828 ttott

340 3900 400 3938 cnm
418 3884 549 3948 Hermo,
576 3884 686 3948 Vosne,
713 3883 950 3944 Wnnnsnntcuro,
974 3878 1098 3942 Brome,
1123 3876 1181 3929 vide
1198 3874 1360 3944 Expttcatio·

342 3999 410 4037 nem.
447 3985 492 4037 Sin
509 3992 537 4035 et
547 3982 638 4051 fluere
656 3980 759 4033 transiit
777 3980 803 4031 tn
821 3978 930 4047 effluere
950 3979 1008 4032 Lir.
1019 3978 1084 4041 vll,
1102 3981 1145 4029 33.
1166 3976 1200 4030 ct.
1216 3977 1360 4028 Ducunt.

341 4083 376 4136 ad
400 4083 457 4135 [ἰν.
469 4079 626 4142 XXXVIII,
644 4081 695 4145 49,
713 4080 738 4130 4.
758 4084 785 4131 ct
802 4078 836 4130 ad
855 4078 904 4134 stt.
919 4077 979 4130 leat.
996 4077 1050 4143 ΙΙΙ,
1068 4080 1113 4129 tr.
