3009 4725
338 365 403 424 254
577 357 859 425 cottttENrnR.
881 359 925 422 ΙΝ
949 359 1123 424 TlBULLl

339 531 441 588 distichi
465 535 639 604 explicatione
663 535 810 590 dicendum.
853 536 956 591 Etenim
983 536 1176 593 uncnnnnm
1203 545 1308 601 reduxit
1333 556 1362 604 et

339 636 432 705 probat
459 635 584 688 lectiones
609 635 734 688 librorum
760 634 831 687 duro
856 654 931 708 seges
958 642 985 688 et
1011 634 1072 707 qui,
1103 650 1144 705 pr.
1171 646 1248 691 terra
1274 655 1360 701 antem

339 744 413 784 certa
432 735 552 787 emendat
575 751 633 787 cum
658 736 778 801 Ponere,
803 741 834 788 ut
851 738 955 789 omniuo
974 751 1025 788 oon
1043 751 1130 789 sermo
1147 738 1182 789 eit
1199 739 1233 793 de
1252 744 1360 812 Cerere,

338 833 385 884 sed
409 832 442 884 de
467 839 599 898 amatore,
624 835 665 885 cui
692 835 785 886 malam
805 848 916 885 messem
934 834 1091 900 imprecetur
1108 842 1194 902 poete.
1232 843 1267 892 dt
1289 846 1359 898 enim

339 930 436 984 Bacchi
453 947 521 999 quae
538 934 654 1000 sequitur
672 935 779 997 mentio,
798 932 877 984 docet
894 939 955 983 aute
974 930 1007 983 de
1026 932 1123 986 Cerere
1140 935 1253 1002 dictum3
1275 942 1358 995 Cere-

338 1049 394 1086 rem
411 1039 438 1084 et
457 1031 587 1085 Bacchum
605 1034 702 1100 puriter
718 1038 825 1084 accusat
842 1037 869 1082 et
888 1031 991 1098 punitos
1011 1034 1073 1099 vult,
1092 1035 1195 1088 minime
1207 1054 1269 1092 vero
1283 1057 1357 1096 ama·

337 1141 420 1186 torem
440 1134 517 1185 istum
536 1142 564 1184 et
580 1127 710 1181 Bacchum
729 1130 754 1180 in
780 1127 828 1181 trac
848 1145 876 1181 re
894 1131 1036 1198 componit
1072 1133 1128 1184 Sed
1152 1134 1260 1188 obiicias
1277 1139 1359 1191 aliud.

338 1234 439 1302 Nempe
463 1237 561 1284 amator
586 1229 717 1281 Nemesim
736 1229 844 1282 abduxit
862 1236 995 1283 ettamen
1014 1246 1082 1283 nunc
1100 1233 1181 1285 Ceres
1199 1248 1256 1286 eam
1275 1236 1358 1289 ebdu-

337 1350 397 1387 cere
423 1332 533 1393 dicitur;
557 1326 619 1395 quid
645 1325 696 1379 hoc
720 1327 782 1379 est?
818 1327 967 1379 Commovit
985 1328 1065 1381 credo
1082 1331 1133 1382 iam
1151 1331 1213 1383 olim
1232 1331 1296 1386 haec
1315 1350 1356 1387 res

337 1451 398 1499 eos,
414 1433 460 1499 qui
475 1429 517 1483 hic
535 1429 568 1481 de
587 1434 704 1480 amatore
722 1434 823 1480 tantum
841 1427 894 1480 dici
911 1429 1064 1495 voluerunt,
1082 1431 1129 1483 sed
1147 1431 1287 1485 difficultas
1304 1449 1354 1486 non

336 1531 437 1585 ridetur
450 1544 551 1597 magne
580 1527 650 1580 Vere
664 1543 708 1579 rus
722 1527 768 1578 ivit
782 1525 916 1591 Nemesim
934 1526 1079 1580 allexerunt
1093 1544 1154 1582 vero
1170 1545 1226 1584 eam
1242 1534 1355 1586 virentes

337 1632 394 1699 agri
415 1632 509 1683 laetam
528 1643 639 1681 messem
658 1627 840 1693 ostendentes,
868 1633 897 1679 ut
922 1628 1091 1682 comitaretur
1108 1637 1246 1686 amatorem
1264 1635 1289 1686 in
1308 1636 1356 1688 ril-

336 1734 388 1784 lnm
406 1747 488 1783 suam.
525 1729 643 1784 Vidimus
666 1730 735 1782 enim
761 1729 893 1782 Nemesim
919 1728 1036 1781 luxuriae
1061 1728 1190 1798 deditam3
1215 1748 1266 1786 oon
1291 1750 1355 1786 cou-

337 1838 410 1885 tentn
427 1830 522 1882 Samiis
544 1829 619 1880 testis
638 1833 665 1879 et
684 1828 807 1880 Cumnuls
825 1827 893 1879 rasis
910 1825 1016 1878 divitem
1039 1825 1168 1882 hominem
1193 1837 1281 1882 secuta
1299 1837 1355 1883 erat

337 1931 370 1985 ad
389 1930 560 1983 amoenitates
577 1928 694 1980 lautioris
713 1928 789 1979 vitae.
826 1925 886 1977 Huc
902 1925 983 1990 igitur
1000 1924 1143 1980 discessum
1162 1930 1262 1996 puellae
1280 1944 1355 1981 reso·
1400 1917 1407 1928 '

337 2036 382 2082 cat
404 2037 526 2096 tauquam
549 2027 583 2078 ad
607 2026 753 2094 primariam
774 2037 893 2087 causam3
922 2029 1024 2074 amator
1043 2040 1091 2091 per
1111 2041 1141 2078 se
1160 2041 1210 2078 non
1235 2028 1357 2078 traxisset

338 2145 412 2195 eem,
440 2128 489 2180 uisi
515 2124 587 2178 dives
610 2123 702 2175 fuisset
727 2127 754 2173 et
778 2118 912 2188 pulchrum
938 2122 1072 2188 praedium
1097 2122 1234 2175 habuisset.
1277 2124 1355 2176 Hunc

337 2234 417 2297 poeta
441 2227 509 2278 ridet
534 2232 562 2277 et
586 2222 727 2276 coutemnit
750 2221 945 2287 maximopere,
974 2236 1022 2272 uec
1044 2227 1141 2272 tautum
1162 2222 1187 2271 ei
1211 2219 1301 2272 tribuit
1326 2229 1355 2274 ut

336 2331 442 2379 accuset
459 2324 557 2377 directe
575 2328 703 2387 tamquam
722 2322 855 2369 auctorem
874 2317 921 2369 rei.
970 2317 1043 2373 Quae
1067 2333 1125 2370 eum
1150 2320 1186 2371 ita
1209 2320 1275 2386 siut,
1300 2336 1354 2373 nou

338 2425 505 2480 dubitandum
523 2438 584 2475 vere
602 2419 767 2472 emendatum
786 2434 845 2471 esse
862 2419 949 2470 locum
968 2418 1000 2470 ab
1018 2418 1147 2471 Hsrssro.
1159 2447 1194 2458 -—
1212 2420 1244 2474 V.
1264 2424 1298 2473 6³
1314 2437 1355 2488 aq.

337 2538 452 2592 tener,
467 2523 582 2588 iuvenili,
596 2522 705 2591 puellari
718 2521 809 2585 torma,
824 2526 854 2572 ut
866 2525 975 2572 constat.
999 2520 1077 2575 Quod
1088 2520 1170 2576 dixit:
1185 2523 1356 2577 iucundae

337 2629 491 2680 consitor
507 2639 605 2689 uvae,
625 2638 672 2691 pro
691 2637 724 2675 eo
740 2623 822 2674 Orto.
838 2621 903 2674 Met.
914 2621 960 2685 tv,
975 2624 1019 2674 14.
1036 2623 1141 2676 scribit:
1158 2622 1273 2695 genialis
1292 2643 1356 2675 con-

336 2726 405 2776 sitor
423 2743 507 2783 uvae,
526 2731 632 2777 notante
652 2723 888 2775 Wunnrruurcuro.
924 2722 1000 2774 Meus
1019 2739 1081 2776 rero
1098 2725 1196 2777 Tibulli
1215 2724 1293 2779 lreec:
1319 2726 1357 2778 Et

337 2832 383 2879 tua
401 2841 505 2893 quoque
523 2839 637 2888 munera,
656 2822 769 2887 Bacche,
788 2825 848 2874 licet
867 2828 941 2875 tener
958 2826 1096 2891 suavisque
1114 2825 1179 2877 deus
1196 2828 1233 2877 sis
1250 2832 1278 2877 et
1295 2824 1356 2876 dul-

337 2930 375 2981 cis
394 2942 459 2980 urae
477 2925 560 2988 dator,
578 2922 674 2975 devota
692 2930 776 2974 sunto.
813 2924 900 2989 Atque
918 2922 969 2976 huc
988 2928 1100 2992 pertinet
1118 2928 1195 2979 etiam
1214 2928 1354 2994 repetitum

336 3028 386 3080 Tu
411 3039 564 3093 quoque3
593 3024 650 3075 iure
676 3024 744 3076 enim
769 3026 863 3076 iterata
886 3024 1057 3079 ultirmatione
1076 3029 1156 3080 utaris
1174 3029 1199 3079 iu
1218 3027 1355 3079 devotione

336 3131 376 3182 rel
391 3135 445 3181 tam
463 3124 597 3188 iucundae,
616 3132 644 3176 et
660 3141 738 3191 quam
757 3126 836 3192 vulgo
854 3127 1003 3193 longissime
1021 3128 1142 3179 absumus
1160 3137 1189 3180 ut
1205 3136 1356 3182 contemna-

337 3242 403 3279 mus.
422 3256 456 3265 -
488 3224 649 3287 devotos,
677 3223 738 3275 diris
758 3240 774 3275 a
792 3241 833 3276 me
851 3226 999 3278 defixerat
1019 3232 1216 3294 corrumpentur
1235 3229 1302 3280 rina.
1319 3254 1356 3265 -

289 3344 291 3347 ·
337 3327 511 3392 relinque,
529 3321 634 3375 discedo
653 3328 680 3373 et
698 3323 771 3373 mitte
790 3323 877 3389 lacus,
895 3320 1003 3392 trinorc,
1021 3332 1096 3390 tuos3
1114 3324 1218 3389 trustra,
1236 3325 1281 3376 ubi
1299 3327 1356 3377 riu-

338 3424 421 3475 demia
439 3428 547 3491 venerit,
567 3425 662 3477 bortum
681 3424 767 3474 riuum
786 3434 877 3492 parare
895 3428 1028 3493 studebis;
1054 3427 1140 3481 devoti
1158 3432 1243 3492 sunto,
1263 3431 1293 3477 ut
1310 3440 1356 3476 se·

337 3532 425 3593 getam
445 3528 545 3581 devovi.
568 3555 603 3566 —
640 3527 672 3581 V.
691 3530 726 3579 65
745 3543 784 3596 sq.
821 3529 919 3582 Haud
945 3530 1082 3598 impune
1107 3530 1260 3581 licetetc.
1303 3526 1356 3578 Vel

337 3625 417 3688 deos,
444 3625 494 3688 ait,
520 3623 642 3678 dannan
661 3627 713 3694 pati
734 3643 783 3695 par
800 3635 840 3680 eet
865 3634 893 3681 et
917 3644 1003 3696 poena
1026 3628 1110 3692 attici,
1136 3629 1158 3679 si
1177 3627 1301 3680 formosas
1320 3639 1356 3677 ex

337 3727 409 3781 urbis
427 3726 486 3779 luce
503 3726 608 3779 eliciunt
626 3736 653 3781 et
671 3730 696 3780 ln
716 3742 837 3794 agrorum
855 3730 994 3783 solitudine
1012 3730 1189 3795 abscondunt,
1208 3731 1252 3781 nbi
1271 3730 1358 3795 gloria

337 3843 427 3882 earum
447 3832 536 3896 pereat
551 3841 658 3879 necesse
673 3833 721 3882 est.
759 3828 894 3881 Abdere
913 3835 953 3882 est
971 3831 1054 3882 euim:
1075 3846 1091 3883 e
1109 3832 1168 3883 luce
1187 3838 1214 3883 et
1233 3831 1357 3897 trequen-

337 3927 375 3979 tia
394 3925 524 3979 homiuum
545 3940 677 3978 removere
703 3934 731 3979 et
754 3927 781 3978 in
805 3925 944 3979 solitudine
968 3942 999 3978 ac
1024 3929 1139 3981 tenebris
1157 3930 1301 3993 collocare,
1330 3935 1359 3980 ut

336 4023 408 4098 latet
430 4022 540 4075 abditur
558 4025 633 4095 egris
650 4024 684 4075 de
707 4023 787 4076 nobili
812 4026 957 4091 gladiatore
980 4024 1125 4079 Housrrus
1143 4026 1228 4095 Epist.
1247 4027 1268 4092 l,
1291 4031 1314 4090 l,
1331 4029 1358 4076 6.

337 4124 412 4178 dixit.
447 4124 554 4178 Notavit
571 4122 638 4177 huuc
656 4140 730 4178 usum
746 4126 860 4181 Vossius
879 4127 912 4180 ad
927 4128 1000 4198 l’irg.
1019 4129 1120 4195 Georg.
1135 4126 1183 4191 lll,
1197 4130 1242 4189 96,
1259 4142 1283 4192 ρ.
1295 4126 1359 4176 551.
