3009 4725
304 355 367 414 334
542 347 826 417 COMMENTAR.
847 356 893 419 ΙΝ
915 358 1089 422 TIBULLl

306 542 416 580 rnonrus
442 526 543 579 contest
568 528 713 582 Psoesnr.
739 531 786 598 lV,
814 537 856 599 ll,
882 538 926 588 36.
953 536 999 588 ubi
1025 536 1147 590 Vuarrus
1175 535 1324 595 callimach.

305 629 397 697 Epigr.
417 631 461 680 42.
488 627 585 680 laudnt.
623 629 698 682 Adde
724 633 858 687 Arsinos.
878 636 911 689 ad
932 637 989 691 Lir.
1012 642 1048 690 89
1065 654 1121 705 sqq.
1136 665 1172 676 -
1198 640 1231 691 V.
1249 644 1267 691 9
1285 659 1324 709 sq.

303 728 399 779 Tunc
424 740 503 778 cum.
554 726 672 779 Observa
690 732 773 791 itone
800 734 968 799 praemissum
999 735 1032 787 ad
1061 737 1183 789 malorem
1211 738 1261 790 vim
1296 742 1323 793 in

304 827 434 897 principio
459 840 558 877 versus.
595 827 641 878 Sic
663 843 707 896 np.
730 829 851 882 Prnnsn.
876 832 919 884 ΟΙ.
941 832 985 896 Vl,
1005 837 1056 884 τότ
1083 846 1140 889 τοῖς
1162 829 1214 894 οἷς,
1242 836 1319 901 Pyth.

303 928 375 992 vill,
399 931 452 980 39:
481 922 527 976 eir
552 918 637 995 ὅνπερ.
664 952 697 965 -
735 926 919 981 defunctus
948 936 1118 996 tempore,
1154 938 1183 983 ut
1209 932 1319 987 Honsr.

303 1029 388 1097 Epist.
407 1026 442 1093 ll,
462 1031 487 1092 1,
505 1030 557 1079 21:
583 1027 693 1097 suisque
711 1024 871 1094 temporibus
891 1024 1039 1096 defuncta,
1066 1033 1095 1080 et
1115 1028 1196 1081 Vlnc.
1219 1031 1320 1097 Θεοῖς.

301 1132 349 1196 lv,
366 1135 435 1184 4752
463 1127 646 1198 defunctaque
669 1143 778 1194 corpora
803 1125 879 1184 vita,
906 1126 1073 1180 laudantibus
1092 1130 1322 1185 Wunoanaronro

303 1237 331 1284 et
350 1229 504 1282 liuscnsso.
539 1229 623 1280 Porro
642 1240 835 1295 permenso,
854 1227 925 1293 quod
943 1228 969 1280 in
989 1230 1095 1298 optimis
1114 1235 1162 1296 est,
1180 1233 1323 1299 probarunt

302 1333 353 1386 iam
372 1332 433 1384 olim
453 1330 604 1392 Monnrm,
627 1329 819 1393 Pontianus,
844 1329 999 1381 Sosnronn.
1036 1327 1087 1380 Est
1103 1331 1206 1397 passive
1225 1330 1322 1386 dictum

303 1439 333 1484 ut
351 1434 483 1483 hornum.
502 1427 565 1480 Met
585 1425 656 1478 vlll.
680 1443 706 1494 p.
726 1429 797 1478 209:
825 1424 970 1497 aliquanto
988 1426 1048 1479 viae
1069 1445 1207 1496 permenso
1224 1431 1324 1500 spatio.

306 1528 486 1592 Hnscnsrns,
517 1526 562 1592 qui
592 1532 665 1578 reete
691 1524 806 1592 explosit
827 1540 1002 1591 praemensus
1029 1525 1165 1594 probatum
1194 1528 1325 1583 Bnoucx-

306 1645 397 1691 nosco,
419 1628 544 1692 Hssnro,
567 1627 675 1691 Vossro,
693 1627 750 1692 ipse
769 1631 856 1676 tamen
874 1625 942 1676 male
956 1642 1113 1693 permensos
1130 1628 1265 1695 amplexus
1283 1636 1325 1681 est

304 1736 428 1797 sequente
445 1730 618 1791 Gonssrr03
644 1727 739 1780 dicitur
756 1741 808 1779 non
827 1726 909 1777 bens:
928 1726 1061 1794 permetiri
1080 1727 1180 1792 lucem,
1199 1727 1261 1779 licet
1278 1729 1324 1780 lux

305 1848 352 1899 pro
371 1832 423 1882 vita
441 1831 483 1881 sit
504 1856 541 1868 -
568 1827 594 1880 N
602 1826 695 1880 udus.
731 1827 778 1879 Sic
798 1826 868 1893 qnod
887 1834 1039 1895 comparent
1065 1829 1207 1881 Pnoesnr.
1229 1829 1277 1895 111,
1295 1834 1323 1895 5,

307 1937 355 1985 lle
380 1930 471 1982 nudus
488 1926 523 1979 ob
541 1926 666 1998 inferno,
684 1926 785 1985 stulte,
805 1927 898 1979 vehere
916 1937 991 1985 rats,
1010 1927 1053 1981 ubl
1072 1928 1247 1981 Rosulanus
1266 1929 1325 1980 inu·

306 2032 351 2083 dat
364 2032 423 2084 Sin.
436 2029 477 2081 ln.
494 2031 526 2093 V,
538 2033 608 2080 267:
627 2026 702 2078 modo
721 2044 799 2097 quem
814 2029 936 2078 Fortuna
946 2026 1067 2096 fovendo
1080 2026 1218 2098 Congestr's
1231 2025 1325 2096 opibus

305 2127 433 2200 donisque
450 2125 560 2197 refersit
574 2125 675 2194 opimis,
694 2124 805 2175 Nudum
823 2127 959 2175 Tartarea
970 2123 1094 2193 portabit
1108 2125 1205 2177 nonita
1221 2122 1323 2194 cymba.

306 2229 367 2281 Hoc
391 2229 450 2279 loco
475 2232 553 2294 poete
576 2225 664 2292 posuit
691 2222 825 2291 epitheton
851 2230 960 2290 propter
984 2229 1143 2276 contemtum
1169 2223 1323 2288 divitiorum,

307 2330 340 2380 de
359 2343 411 2395 quo
430 2327 497 2380 dixit
515 2332 542 2378 et
557 2324 645 2376 statim
664 2322 759 2374 iterum
777 2320 855 2374 dicet.
869 2346 901 2360 -
927 2318 1086 2374 uLethaeo
1104 2330 1193 2389 rate,
1210 2329 1241 2374 nt
1258 2321 1325 2374 inira

305 2434 332 2491 b,
348 2433 391 2481 24.
412 2429 509 2481 Russus
526 2426 653 2492 Ληθαίῳ
669 2418 767 2473 ἄκατον
785 2422 857 2489 dicit,
874 2437 952 2490 quem
971 2422 1074 2475 confert
1092 2423 1224 2476 Musonius
1242 2438 1326 2489 meus,

307 2527 412 2582 Anthol.
431 2527 516 2580 Palat.
536 2525 584 2589 lx,
599 2529 662 2577 219.
681 2552 717 2564 -
743 2525 881 2578 Postremo
906 2523 939 2576 ad
959 2525 1039 2576 totius
1063 2525 1113 2577 loci
1133 2525 1243 2594 perlecti
1260 2541 1326 2577 con-

306 2628 476 2680 structionem
501 2624 621 2678 nttende=
657 2623 718 2674 Non
737 2631 825 2673 nt-
842 2622 905 2675 Aut
929 2631 962 2672 ut
979 2651 1016 2662 -
1033 2622 1088 2673 Sed
1107 2632 1148 2676 nt.
1185 2624 1327 2693 Comparut

307 2729 550 2781 Wonnsnnrcnrus
572 2724 665 2776 Horat.
684 2721 770 2789 Epod.
790 2722 823 2786 V,
841 2726 859 2774 ὁ
877 2737 937 2789 sqq.
972 2721 1003 2774 ln
1025 2721 1124 2775 Tibulli
1148 2722 1240 2789 elegiis
1262 2738 1327 2775 nns-

307 2846 384 2897 quam
407 2836 461 2881 tam
484 2827 588 2893 longam
608 2823 743 2892 periodum
769 2824 900 2888 invenies,
927 2837 1013 2889 neque
1032 2821 1074 2875 hic
1092 2823 1236 2875 orationem
1257 2821 1326 2873 obli-

308 2945 386 2996 qnam
408 2933 460 2978 tam
485 2923 531 2977 diu
551 2922 718 2976 continuarit.
755 2922 867 2989 Singula
885 2919 997 2975 disticha
1021 2921 1174 2990 Lygdamus
1195 2919 1236 2973 bio
1260 2920 1326 2972 sutis

308 3033 376 3086 hene
394 3028 546 3084 elaboravit.
581 3026 699 3078 Obsessa
716 3038 780 3075 vero
797 3022 878 3077 aliud.
913 3023 1050 3089 Tibullus,
1068 3030 1206 3093 postquam
1224 3022 1328 3076 duobus

307 3129 425 3184 distichis
454 3129 488 3181 de
515 3127 662 3180 divitiarum
691 3131 825 3178 contemtu
852 3122 950 3178 dictum
978 3131 1050 3192 erat,
1077 3126 1155 3180 etism
1181 3124 1328 3194 oppositam

308 3231 422 3296 coniugii
440 3229 589 3283 felicitatem
607 3241 658 3278 non
676 3226 843 3293 psucioribus
859 3225 976 3280 distichis
994 3227 1164 3290 illustmsset3
1183 3240 1242 3278 nans
1262 3223 1327 3276 haec

309 3336 351 3382 est
366 3330 472 3394 gravior
487 3343 547 3396 pars
562 3325 715 3378 sententiae.
751 3323 904 3391 Lygdamus
922 3326 1010 3393 posuit
1027 3325 1130 3393 qnidem
1149 3324 1201 3378 dno
1218 3321 1328 3376 disticha

309 3428 336 3480 in
357 3427 439 3477 altera
458 3433 546 3494 parte,
572 3422 715 3478 secundum
733 3439 796 3476 vero
813 3425 863 3476 soli
881 3425 972 3477 mortis
989 3424 1086 3477 notioni
1105 3423 1269 3478 exornandae
1287 3423 1329 3474 in·

310 3529 436 3596 sumpsit,
462 3543 515 3594 qno
539 3543 591 3579 non
615 3542 682 3595 opus
708 3532 774 3579 erat.
811 3524 914 3596 Nempe
936 3526 1087 3581 recordetur
1104 3526 1214 3580 libenter
1238 3522 1330 3577 mortis

310 3628 352 3683 his
370 3631 464 3698 poeta,
489 3639 570 3691 quoru
593 3640 651 3678 cum
670 3626 773 3679 videret
794 3628 1014 3696 opportunitatem
1033 3625 1066 3679 de
1084 3642 1116 3678 en
1132 3623 1252 3688 dicendi,
1276 3636 1329 3675 non

312 3727 496 3802 praetermisit.
531 3723 651 3777 Tibullus
669 3733 760 3779 contro
779 3742 904 3794 nusquam
922 3725 955 3777 ad
970 3726 1055 3778 alisna
1070 3720 1227 3779 sutlnutllia
1243 3720 1330 3772 disce-

309 3837 348 3889 dit
365 3833 452 3888 stndio
471 3844 593 3900 perverso
612 3830 750 3898 abreptus,
778 3828 825 3882 sed
845 3829 967 3880 observat
981 3826 1078 3893 ubique
1097 3832 1237 3880 accursus
1255 3837 1331 3877 eom·

310 3933 445 4003 positionis
469 3932 551 3997 leges,
577 3957 615 3969 -
650 3930 682 3981 V.
702 3932 733 3981 ll
762 3944 818 3994 sqq.
861 3925 941 3995 quid
976 3927 1143 3995 prodest?
1185 3921 1332 3978 lnincrsode

310 4038 390 4102 poeta
412 4029 623 4098 interrogationis
648 4026 758 4079 formam
784 4027 862 4077 etism
889 4027 915 4077 in
942 4026 1112 4091 sequentibus
1140 4038 1189 4093 per
1215 4023 1334 4090 quinqua

311 4130 420 4185 disticha
444 4132 592 4195 continuet,
620 4132 650 4179 ut
676 4124 782 4179 dimidia
807 4138 868 4194 pors
894 4124 1014 4179 cormlnis
1039 4122 1259 4192 interrogationes
1283 4118 1336 4172 ba-
