3009 4725
309 381 349 438 96
546 368 825 436 COMMENTAR.
847 367 893 431 IN
915 366 1087 431 TIBULLl

316 564 399 616 uictor
424 555 527 627 prodiit.
574 552 731 607 Emendatio
757 552 834 622 prius
861 553 1008 607 necessaria
1034 551 1109 620 pisus
1135 565 1187 604 non
1214 552 1323 606 videtur.

311 666 397 727 Atque
416 656 479 710 haec
498 654 639 722 hamanum*
667 654 791 708 Ceterum
811 661 882 708 recte
899 652 995 706 babere
1013 657 1065 706 cst
1082 657 1141 718 post
1159 651 1259 715 Eleo,
1276 665 1324 703 uec

310 760 403 812 abesse
420 755 524 824 debere,
542 759 572 806 nt
589 751 732 817 Herulus,
753 752 877 816 Vossius,
895 750 1135 804 Wuunnaurcmos
1155 751 1257 812 vuirunt,
1276 751 1325 801 ‹lu-

313 858 356 910 eul
374 854 407 908 ad
425 855 448 920 1,
466 857 492 918 1,
509 856 599 905 un-
617 851 651 905 V·
668 854 704 903 38
719 866 759 917 sq.
777 851 931 902 iuvenem
949 846 973 900 b.
992 849 1009 900 i.
1026 847 1154 912 intelliges
1171 846 1197 898 iu
1215 847 1267 898 tina
1282 847 1325 897 iu-

310 954 423 1008 ventutis
440 950 625 1015 coustitutum,
651 953 682 1001 nt
698 946 795 999 docent
812 945 915 998 adiecta
940 943 1032 996 verba:
1056 949 1229 1013 premeret
1253 959 1324 996 curn

309 1056 424 1109 serior
449 1057 558 1115 uetus,
586 1048 611 1100 h.
630 1064 656 1103 e.
673 1048 790 1102 instaret.
839 1044 956 1097 Pertinet
973 1051 1061 1096 sutem
1079 1059 1113 1097 en
1130 1044 1324 1107 multonem,

309 1161 340 1207 ut
357 1158 476 1217 constat,
501 1149 627 1202 iuniorum
645 1151 717 1201 setus
734 1161 817 1214 usque
835 1144 868 1197 sd
886 1145 1078 1212 sexagesimum
1102 1153 1207 1199 sautum
1224 1158 1327 1209 anuum,

313 1254 371 1308 inde
390 1253 472 1305 serior
488 1255 561 1304 uetus
578 1247 695 1314 sequitur
713 1261 734 1297 s.
752 1250 783 1298 ut
800 1246 880 1310 vulgo
902 1243 1005 1310 dicitur,
1023 1245 1163 1298 seniorum.
1181 1272 1216 1285 -
1239 1243 1327 1296 stui-

309 1364 362 1409 tos
381 1349 630 1421 praeteriisse,
657 1345 682 1401 b.
702 1362 726 1400 e.
743 1347 828 1400 stulto
846 1343 940 1410 modo,
964 1346 1021 1397 siue
1038 1344 1149 1398 Venere.
1187 1343 1325 1412 comparat

309 1449 524 1508 immortuus
543 1446 599 1499 Sat
620 1444 641 1509 I,
658 1448 709 1497 ona
735 1452 802 1494 tuno
827 1458 932 1495 crassos
956 1442 1086 1494 transisse
1111 1440 1168 1495 dies
1191 1440 1327 1512 lucemque

303 1549 456 1622 palustrem
474 1554 501 1598 et
520 1543 571 1598 sibi
589 1543 644 1594 ium
662 1542 816 1595 nativitem
834 1541 983 1613 ingemuere
1002 1525 1131 1595 relictum.
1166 1541 1233 1595 sud.
1245 1544 1328 1596 Ovrn.

308 1650 419 1706 Heroid.
432 1649 455 1713 Ι,
468 1652 499 1701 fla
518 1663 566 1702 neo
582 1661 706 1718 quererer
722 1641 817 1695 tardos
834 1641 873 1694 irs
891 1640 987 1693 relicta
1005 1641 1069 1694 dies.
1104 1642 1243 1695 Postremo
1257 1655 1329 1693 tuens

309 1753 399 1822 Priapi
417 1747 610 1830 cremutius
629 1754 674 1810 tu,
693 1746 746 1811 ait,
770 1745 819 1797 uisi
839 1749 945 1797 strenue
963 1742 1091 1795 studueris
1110 1756 1205 1811 cupere
1222 1755 1330 1808 puerum

309 1859 392 1916 tuum,
409 1853 500 1918 postea
517 1844 645 1898 moerebis
662 1844 742 1896 vitam
760 1843 816 1896 siue
833 1843 968 1910 voluptate
984 1843 1106 1910 elapsam,
1125 1842 1169 1894 ubi
1185 1842 1243 1893 auui
1257 1856 1329 1892 anuo-

308 1954 380 2008 ribus
404 1950 459 2019 apti
483 1947 530 2000 tibi
555 1944 705 1998 effluxerint
727 1951 807 2012 atquc
825 1944 904 1996 etiam
923 1944 996 2013 pueri
1024 1941 1061 1994 tui
1080 1941 1226 1994 formositas
1242 1940 1329 2007 perie-

309 2053 352 2104 rit.
363 2077 398 2091 -
416 2049 449 2102 V.
468 2050 513 2098 nt.
530 2059 673 2112 serpens
691 2058 800 2096 novus
819 2039 843 2095 h.
860 2057 883 2094 c.
899 2047 1049 2094 renovatus.
1085 2040 1242 2107 comparant
1259 2037 1329 2091 tra-

311 2165 367 2205 etn.
387 2150 487 2213 Θεοῖς.
505 2144 552 2209 ltt,
571 2147 637 2196 tut:
667 2145 732 2193 Cum
753 2140 853 2211 positis
877 2159 963 2193 novus
990 2137 1094 2190 exuviis
1112 2138 1268 2206 nitidusque
1285 2135 1331 2187 iu-

312 2256 409 2314 venta,
436 2240 802 2305 uovrn.tttct.1x‚aue=
831 2244 915 2308 utque
933 2253 1018 2287 novus
1036 2251 1143 2301 serpens
1159 2229 1252 2299 posita
1270 2249 1330 2281 cum

306 2346 377 2420 pelle
400 2353 515 2399 muccla.
551 2344 709 2396 Auuotatum
737 2346 778 2392 est
804 2338 837 2391 ub
865 2334 1049 2405 interpretibus
1077 2348 1111 2385 ex
1138 2333 1326 2393 Aursuoruun,

311 2463 373 2503 aare
391 2453 419 2498 et
436 2451 572 2498 suctumuo
591 2438 639 2492 hoc
657 2440 722 2500 lieri,
739 2438 809 2489 Hist.
828 2438 876 2489 hu.
895 2434 967 2500 vlit,
987 2405 1030 2486 ll·
1041 2460 1077 2471 -
1095 2430 1194 2484 exuit
1211 2442 1326 2493 anuos,

310 2552 342 2607 ut
358 2545 501 2598 videbatur.
537 2542 663 2595 Veterum
685 2539 757 2591 locos
776 2538 921 2605 complures
939 2535 1025 2587 attulit
1044 2533 1129 2585 launa
1146 2533 1328 2583 Guautunus.

311 2647 415 2699 Revera
428 2650 523 2708 tamen,
541 2641 578 2694 ait
593 2639 734 2704 Herulus,
751 2652 803 2691 nou
822 2636 906 2701 magis
922 2633 955 2689 ad
968 2633 1127 2685 iuventutem
1141 2629 1208 2683 redit
1221 2642 1330 2697 serpeus

311 2760 389 2813 qnam
407 2743 462 2796 svis
479 2737 756 2810 pennis-mutatis.»
785 2734 815 2786 V.
830 2737 865 2785 nt
883 2749 921 2799 sq.
949 2728 1087 2785 Phoebo
1114 2724 1329 2792 Bacchoque,

310 2853 345 2907 ut„
359 2851 449 2899 uotum
473 2857 508 2894 ex
533 2839 626 2892 tabulis
652 2843 680 2889 et
704 2836 786 2904 signia
811 2840 936 2886 veterum.
972 2832 1060 2884 Locos
1082 2829 1177 2882 multos
1201 2827 1331 2878 Bnoucu·

312 2958 410 2997 uuarus
428 2937 574 3005 congessit,
600 2949 663 3002 prsa
689 2933 784 2985 ceteris
809 2931 939 2984 Hnuurna
957 2929 1034 2982 Ovid.
1053 2929 1119 2983 hiet.
1137 2927 1184 2992 ΙΙΙ,
1202 2928 1264 2979 tut.
1290 2924 1331 2977 ia-

312 3044 378 3114 spici
401 3041 474 3095 iubet
494 3053 553 3092 cum
578 3034 745 3088 annotatione
769 3033 948 3099 interpretum.
985 3031 1023 3083 Ut
1040 3044 1119 3103 porro
1137 3027 1216 3080 etium
1233 3023 1266 3077 ds
1285 3038 1330 3075 or-

312 3147 373 3201 dine
397 3143 529 3199 nominum
554 3138 684 3201 dicamus,
711 3134 737 3187 in
762 3133 819 3186 aliis
844 3132 916 3186 libris
942 3136 999 3183 est:
1033 3128 1141 3183 Baccho
1165 3122 1331 3196 Phoeboque,

313 3240 530 3315 quemadmodum
554 3235 623 3306 apud
648 3236 775 3287 Ortnrou
800 3232 819 3284 l.
836 3232 879 3284 cit
906 3231 1016 3297 tegiturs
1045 3237 1074 3279 et
1098 3225 1192 3298 dignus
1216 3221 1333 3279 boccho,

312 3347 409 3418 dignos
428 3352 455 3395 et
473 3337 601 3410 Apolline
619 3333 713 3388 crines.
749 3333 804 3387 Sed
828 3333 864 3386 ibi
889 3338 961 3385 recte
985 3329 1063 3383 habet
1088 3323 1232 3399 patheticus
1249 3339 1266 3375 s
1283 3320 1333 3373 mi-

314 3443 372 3496 nori
390 3443 423 3495 ud
441 3443 523 3495 maius
540 3450 708 3507 progressus,
733 3432 783 3487 hoc
801 3435 859 3488 loco
878 3434 948 3486 uuita
966 3432 1025 3483 talis
1043 3430 1082 3482 vis
1101 3425 1235 3480 orationis.
1275 3419 1333 3473 Te·
1392 3402 1401 3423 ⁸

314 3542 428 3597 nendum
444 3543 525 3608 igitur
541 3554 609 3592 nuuc
623 3537 733 3605 simplex
752 3540 794 3589 est
810 3533 988 3588 collocationis
1006 3544 1106 3596 genus,
1124 3526 1201 3594 quale
1219 3523 1244 3575 iu
1261 3518 1333 3572 omui

316 3641 426 3710 simplici
445 3638 606 3691 enarratione
623 3636 742 3701 hahetur,
760 3650 795 3689 ex
812 3648 864 3700 quo
884 3633 993 3701 primum
1012 3628 1158 3680 nominatur
1174 3621 1259 3692 potior
1272 3632 1334 3686 per·

317 3754 395 3806 sons,
412 3735 500 3807 potior
514 3748 566 3789 res.
603 3733 682 3791 Quod
700 3738 786 3786 nutem
805 3731 920 3785 Vossius
939 3733 1028 3780 censet
1045 3726 1142 3793 Priapo
1160 3721 1269 3792 primum
1287 3730 1335 3785 ps·

316 3841 364 3896 tris
382 3837 467 3894 carius
485 3848 580 3889 nomeu
604 3832 725 3886 debuisse
750 3832 777 3884 iu
802 3834 915 3883 mentem
934 3826 1022 3879 venire
1040 3824 1151 3889 ideoque
1174 3819 1200 3871 id
1224 3828 1336 3886 praepo-

317 3944 446 4008 nendum,
465 3940 577 3994 alienun
595 3941 636 3989 est
654 3936 806 3986 austerum
824 3931 980 3999 scriptorum
999 3924 1164 3994 simplicitate
1182 3919 1235 3971 tale
1254 3915 1350 3968 astiti·-

315 4045 400 4109 cium,
429 4041 474 4094 ubi
502 4053 552 4091 non
578 4032 767 4094 necessariums
793 4035 926 4097 spectatur
951 4034 1040 4079 sutem
1066 4037 1134 4074 uunc
1161 4019 1217 4071 solu
1244 4030 1286 4066 res
1309 4015 1338 4063 et

317 4140 479 4209 cognationis
503 4136 569 4189 ratio
592 4131 762 4237 oekinuthis.
779 4158 816 4171 -
842 4130 1001 4183 intonsus
1025 4121 1144 4178 crinin
1182 4115 1277 4171 Alebut
1295 4112 1339 4163 iu·
