3009 4725
482 259 589 324 LlBR.
613 264 668 326 IV.
711 262 841 326 CARM.
865 264 890 328 1.
1128 272 1190 328 393

170 438 233 491 dare
257 436 351 489 litteris
373 438 401 487 et
426 431 583 486 describere.
620 432 730 485 Constet
747 440 837 484 rexere
856 447 915 488 curn
933 434 1083 503 conpositis
1103 439 1189 488 meba-

171 538 276 606 pborice
292 534 389 587 dictum
408 532 441 585 de
459 531 570 599 scriptis,
588 530 622 582 ci.
640 530 816 584 Bnoucsrrrus.
833 531 899 584 inira
917 531 950 585 ad
968 548 993 585 r.
1011 534 1072 585 211.
1110 532 1192 585 Corn·

77 661 81 668 ·
171 641 245 704 parat
272 636 479 686 Foucuuurrtrus
505 631 610 683 Petrou.
633 635 700 682 lta:
734 633 847 684 Sensum
873 631 1028 685 teneriorem
1054 630 1191 684 verborum

172 731 275 782 ambitu
291 731 418 783 intexuit.
455 727 530 780 Adde
547 728 624 779 etiam
643 728 765 782 Prnnsa.
783 728 872 785 lsllrm.
888 731 909 797 1,
930 735 979 785 loa
996 725 1131 801 ἐναρμόξαι
1148 752 1192 791 μιν

173 819 259 895 ὕμνῳ,
288 833 315 880 et
341 827 458 879 Casuras.
478 826 502 877 iu
522 825 579 878 Del.
597 827 649 875 28:
677 827 698 875 rt
721 826 750 876 di
770 826 827 896 lips
844 829 931 886 saltn
949 848 977 882 oa
994 823 1193 899 περιτροχόωσιν

172 923 276 988 ἀοιδαί,
301 932 363 996 ποίῃ
380 926 497 982 iussitire
517 941 558 987 σῃ
577 950 613 963 -
641 924 747 976 dictis
770 931 896 980 utnon
921 929 1049 981 maiora
1074 943 1193 997 super·

173 1027 250 1079 siut.
288 1027 385 1079 Auctor
403 1024 512 1077 Rhetor.
538 1021 571 1074 ad
591 1021 723 1075 Hrsusstrn.
741 1022 791 1087 lll,
809 1027 842 1076 ds
876 1025 961 1076 vereri
985 1044 1047 1082 nos.
1075 1043 1107 1077 ne
1132 1044 1193 1077 cuns

174 1126 263 1178 »nubo
288 1125 445 1181 dixerimus,
477 1124 562 1193 ploro
581 1130 801 1191 praetereamus,
834 1123 904 1190 quod
935 1126 1036 1178 confert
1062 1126 1194 1180 Voberna.

176 1227 229 1280 Sed
248 1235 338 1281 noster
354 1226 446 1279 melius
464 1225 537 1278 dixit.
555 1250 592 1262 -·
621 1221 683 1274 Est
705 1223 807 1275 robis
832 1225 986 1278 soluisse
1011 1229 1108 1281 satis.
1145 1228 1193 1280 bl-

177 1328 262 1381 ierunt
279 1329 401 1382 Vucrrus
424 1332 451 1379 et
472 1325 605 1378 Hermus
631 1324 760 1390 Panegyr.
785 1324 818 1375 ad
845 1325 1063 1381 Pisonum:
1092 1327 1194 1396 Quodsi

178 1424 261 1496 digno
285 1435 336 1476 tuo
360 1425 447 1477 ocinus
473 1433 514 1476 sat
541 1440 600 1474 maa
623 1424 729 1493 pagina
752 1422 851 1490 losada,
875 1425 917 1476 At
940 1424 1054 1478 vohsiase
1072 1435 1119 1478 sat
1142 1436 1193 1484 cst,

178 1524 296 1576 animum
320 1542 371 1576 non
395 1525 515 1576 carmina
538 1523 620 1576 insto.
639 1551 674 1562 -
710 1524 779 1578 Μ
801 1539 858 1589 sqq.
896 1524 1117 1591 Comprobaturua
1145 1524 1195 1577 diis

178 1625 241 1691 ipsis
259 1639 365 1676 munera
383 1642 460 1693 parra
481 1627 600 1693 placere,
625 1625 744 1693 exempla
764 1641 778 1677 e
797 1623 956 1691 mythologie
975 1623 1135 1690 petitione,
1160 1625 1194 1675 de

179 1725 272 1791 quibus
288 1725 313 1778 ln
328 1724 378 1779 hoc
394 1735 546 1793 argumento
564 1742 640 1779 nemo
655 1726 732 1778 iscilo
746 1726 909 1791 cogitaverit.
946 1724 1065 1790 (instigat
1081 1724 1194 1791 ineptam

181 1826 350 1879 eruditionem
375 1833 467 1894 poetae
490 1829 568 1882 etlam
587 1828 711 1880 Blenina
728 1828 755 1880 in
773 1826 890 1894 Epistola
908 1822 998 1876 critica
1017 1837 1076 1890 pag.
1096 1825 1139 1874 33.
1162 1848 1195 1861 -·

180 1921 320 1976 Phoebo
344 1925 541 1990 gratissima
565 1924 651 1978 dona
677 1925 761 1977 cres
785 1923 875 1976 tulit.
912 1921 1059 1974 Hsrnruss
1091 1919 1194 1983 „Unice

180 2036 242 2073 vera
267 2028 307 2074 est
328 2022 454 2076 Bsarurr
473 2025 602 2077 sententia
627 2023 736 2076 Adsere.
759 2011 855 2088 lll'o.
885 2020 997 2073 tabulam
1023 2019 1056 2071 ab
1076 2017 1196 2069 llorrsno

180 2123 205 2175 io
224 2123 318 2188 Hymn.
338 2126 362 2176 in
382 2126 467 2194 Apoll.
485 2129 535 2178 391
556 2142 612 2192 sqq.
632 2130 801 2178 memoratam
820 2122 923 2190 respici.
966 2119 1111 2188 Apollinem
1137 2132 1195 2169 curn

180 2225 267 2276 occiso
293 2225 412 2290 Pythone
436 2228 563 2294 ternplum
590 2226 764 2291 condidisset,
792 2240 824 2277 ex
852 2221 971 2276 omnibus
996 2220 1046 2272 sibl
1072 2224 1198 2270 terrarum

182 2319 285 2380 incolis,
310 2321 355 2384 qui
378 2335 452 2373 sacra
477 2322 607 2385 iacerent,
634 2322 749 2377 bominss
775 2322 899 2392 quosdam
924 2322 1020 2392 probos
1038 2335 1070 2373 ac
1089 2319 1146 2389 pios
1165 2333 1199 2371 ex

184 2414 292 2476 Gnoso,
317 2414 412 2465 Cretae
435 2414 515 2477 urbe,
541 2415 678 2481 delegisse.
715 2419 772 2469 Hos
790 2435 838 2484 psr
857 2422 977 2487 Creten,
1004 2421 1118 2490 Κρῆτα,
1143 2418 1201 2469 col·

184 2510 276 2562 lectire
300 2511 422 2576 singulari
451 2526 559 2564 nurnero
593 2511 716 2565 declarat.
765 2515 795 2565 ln
818 2512 866 2566 bac
885 2519 1012 2568 sententia
1035 2521 1202 2585 aequiescunt

184 2607 262 2659 etiam
281 2607 495 2660 Bnoocrausrus
514 2616 542 2661 et
560 2608 709 2663 Vnsrm's.“
745 2608 870 2661 Fabulam
895 2614 1002 2678 exponit
1024 2594 1101 2665 etiam
1120 2617 1201 2669 Miru-
1260 2614 1267 2626 '

184 2722 272 2760 nunus
296 2709 366 2762 Huc
388 2709 506 2762 Doriens.
525 2711 557 2766 T.
576 2710 598 2764 1.
618 2728 645 2778 p.
664 2713 727 2761 21⁰.
755 2714 782 2761 et
801 2708 943 2761 Hoccrrur
961 2711 986 2760 in
1005 2709 1085 2760 Creta
1103 2711 1136 2763 Τ.
1153 2714 1201 2765 lll.
1251 2687 1257 2693 ⁸

184 2825 211 2876 p.
232 2812 282 2862 149
300 2825 357 2876 sqq.
394 2809 566 2864 Locutionsm
585 2826 648 2864 vero
666 2808 736 2861 dono
753 2806 842 2876 serre,
858 2823 925 2875 quae
944 2807 977 2860 nd
995 2806 1121 2859 sacrificia
1140 2823 1201 2875 per·

185 2905 265 2971 tinet,
288 2921 349 2961 cnm
367 2909 539 2961 Passursrro
557 2909 773 2961 Broucrnnsrus
796 2907 921 2969 illustrat,
946 2918 1099 2972 comparans
1118 2904 1201 2957 Vino.

186 3006 251 3059 den.
269 3008 302 3072 V,
321 3011 382 3060 101.
402 3006 460 3072 Vll,
477 3010 521 3061 88.
540 3009 598 3064 alia.
615 3036 652 3049 —
676 3008 808 3063 Icarus.
844 3007 981 3061 Vurrruss
1000 3002 1071 3070 „llic
1089 3002 1201 3055 Atticam

185 3105 322 3160 incolebat.
359 3107 425 3159 Cum
451 3122 513 3159 vero
532 3106 652 3162 Bacchus
677 3108 728 3162 vini
748 3109 886 3163 utilitatem
905 3113 933 3163 et
950 3105 1101 3159 amvitrtern
1120 3102 1205 3156 bonil-

186 3206 262 3260 nibua
280 3212 430 3259 “tensurus
449 3211 668 3275 peregrinaretur,
687 3208 721 3261 sd
740 3208 842 3266 lesrnm
859 3207 979 3271 devertit,
997 3205 1042 3271 qui
1059 3218 1117 3257 enm
1135 3201 1201 3254 libe·

185 3306 275 3358 raliter
291 3303 403 3374 bospitio
420 3308 536 3374 excepit.
573 3310 644 3361 Dens
669 3307 797 3377 hospitoni
814 3312 873 3361 iore
897 3308 956 3359 vino
982 3305 1058 3374 pleno
1081 3319 1203 3358 remune-

184 3411 256 3457 ratur
281 3411 338 3470 est,
365 3407 491 3472 iussitque
515 3413 545 3459 ut
569 3408 602 3459 ad
627 3406 749 3460 finitimos
773 3407 832 3459 ritis
856 3408 982 3461 rationem
1001 3423 1033 3460 ac
1052 3405 1204 3460 vindemians

185 3514 351 3574 propagaret.
381 3507 475 3560 lcarus
502 3507 595 3560 deinde
620 3514 728 3562 onerate
751 3509 870 3577 plaustro
896 3523 954 3561 cunr
974 3506 1091 3575 Erigone
1108 3507 1162 3559 lilia
1179 3512 1207 3558 et

185 3620 251 3657 cane
267 3607 359 3660 Maera
384 3608 417 3660 ad
442 3606 540 3660 vicinos
565 3607 690 3674 (proadem
717 3614 835 3677 pastores
860 3607 946 3670 venit,
973 3612 1002 3658 et
1025 3619 1084 3657 cum
1107 3603 1141 3655 iis
1165 3600 1208 3653 dei

184 3718 278 3755 munus
293 3708 499 3763 wmmunicavit.
535 3710 659 3762 Pastorea
678 3728 737 3768 cam
756 3706 954 3764 imoderstius
971 3705 1108 3768 bibissent,
1125 3702 1212 3754 ebrie-

187 3809 241 3855 tate
260 3809 373 3873 correpti
391 3815 457 3863 snat
493 3811 620 3866 Putanter
645 3815 727 3885 igitur
750 3811 801 3868 sibi
825 3822 959 3864 venenum
986 3804 1096 3867 datum,
1114 3802 1217 3854 lcarurn

187 3897 298 3953 fustibus
316 3903 467 3959 occiderunt
484 3914 512 3962 et
529 3911 640 3968 cadaver
655 3920 818 4003 impurum
834 3907 1010 3971 abiecerunt.
1048 3900 1224 3955 0¹1bequ

188 3996 213 4047 id
239 3997 371 4065 Erigonae
398 4008 561 4074 monstravit,
589 4028 659 4080 qm
690 4041 717 4103 pn
746 4018 846 4082 „bora
880 4020 1014 4081 mmm,
1045 4015 1078 4054 aa
1100 3991 1234 4062 suspendit.
