3009 4725
575 358 757 424 mattam.
1058 393 1181 440 ,mu

155 528 383 621 (Coordmntion)
414 528 690 611 animadvertitur,
721 543 758 594 ut
786 556 857 596 cum
880 535 909 615 l,
933 546 960 601 1.
990 539 1029 606 de
1058 547 1182 609 rusticis

154 654 248 713 rebus
278 648 398 710 dicitur
425 644 549 708 duobus
575 645 652 705 locis
681 646 714 705 vi
741 649 889 727 paribus,
928 665 982 714 aut
1010 657 1058 733 ll,
1082 661 1112 719 5.
1142 657 1180 720 de

155 766 282 846 politica
301 759 520 841 magnitudine
542 760 628 821 urbis
651 771 682 821 et
703 761 824 839 gaudiis
846 768 940 826 ruris.
989 768 1083 832 Recte
1104 793 1181 836 vero

157 882 193 942 iu
213 882 275 941 hoe
296 898 407 956 genere
429 895 498 937 non
523 876 657 936 excessit
683 877 843 938 binarium
866 900 1051 961 numerum3
1078 885 1182 949 laxior

163 994 248 1053 enim
268 990 460 1072 compositio.
502 991 532 1052 T
534 990 647 1052 artium
668 990 784 1053 aceedit
804 997 986 1075 z‘nterpou'tio,
1009 1020 1081 1061 cum
1100 1003 1183 1064 inter

164 1106 243 1168 duas
263 1106 394 1182 similes,
421 1126 571 1188 congruas
593 1119 697 1187 partes
716 1107 810 1169 tertia
828 1108 984 1172 dissimilis
1006 1126 1061 1174 aut
1082 1133 1183 1195 oppo-

161 1221 221 1282 sita
238 1222 329 1281 etiam
340 1220 480 1301 ponitur.
522 1218 643 1280 Videas
657 1220 738 1280 hanc
753 1221 794 1298 ll,
809 1227 839 1281 3.
855 1223 911 1284 ubi
925 1225 973 1284 bis
990 1223 1031 1286 de
1046 1227 1182 1308 mythice

159 1348 259 1397 aetate
290 1333 401 1396 dieitur
427 1336 617 1416 interposito
646 1335 738 1396 tertio
766 1337 837 1398 loco
868 1337 905 1397 de
931 1337 1076 1400 hodierni
1101 1353 1181 1402 tem-

157 1450 243 1531 poris
264 1449 434 1530 pravitate,
457 1459 490 1511 et
511 1449 535 1523 l,
556 1453 585 1509 6.
607 1447 665 1510 ubi
686 1446 720 1507 in
741 1449 839 1510 altera
857 1463 945 1530 parte
967 1452 1110 1516 canninis
1132 1454 1181 1516 bis

160 1562 198 1624 de
223 1566 335 1645 poenis
359 1562 511 1646 perfidiae
537 1564 617 1644 agit,
648 1562 828 1624 interiectus
854 1583 930 1625 vero
959 1567 1067 1628 tertius
1091 1569 1181 1631 locus

162 1688 209 1736 est
232 1678 336 1740 lenior
357 1691 389 1740 et
414 1680 492 1742 alim
517 1677 655 1758 generis,
684 1675 820 1759 denique
848 1697 906 1757 per
926 1687 1021 1741 tottam
1050 1681 1180 1762 elegiam

161 1790 271 1864 1,10.
300 1801 337 1849 ut
365 1791 448 1852 iufra
477 1788 648 1853 ostendam.
717 1790 864 1852 Ceterum
895 1792 1091 1874 interpositio
1125 1811 1179 1874 est,

160 1922 260 1986 quam
287 1923 349 1983 per
374 1913 475 1964 totum
500 1903 670 1967 Pindarum
698 1906 848 1984 usurpari
875 1907 1085 1984 ostendimus,
1123 1910 1181 1971 ubi

157 2029 265 2079 tamen
285 2018 396 2099 plures
416 2019 465 2079 rei
483 2020 610 2081 formae.
659 2019 765 2102 Atque
787 2019 869 2099 apud
892 2018 1064 2112 Pindarum
1086 2042 1180 2104 quem

156 2155 250 2197 usum
270 2153 323 2194 res
346 2135 473 2211 habeat,
494 2134 556 2197 illic
578 2134 712 2213 dietum3
735 2137 770 2198 in
792 2135 889 2215 elegia
911 2156 988 2198 vcro
1009 2135 1113 2216 gravis
1135 2147 1182 2197 est

156 2247 274 2310 reditus
295 2246 337 2311 ad
356 2247 486 2325 similia,
514 2260 606 2329 aptus
628 2250 746 2330 pariter
768 2252 931 2331 querelae,
952 2250 1032 2327 irae,
1054 2263 1180 2312 senten-

154 2367 218 2426 tiae
245 2364 481 2445 significantiori
505 2367 671 2430 nervosius
698 2364 911 2429 declarandae.
952 2365 1100 2448 Denique
1124 2365 1178 2427 Ti·

156 2480 262 2540 bullus
285 2478 322 2539 in
348 2499 446 2540 carm.
465 2479 511 2555 ll,
532 2484 564 2542 5.
589 2480 682 2540 etiam
700 2482 877 2561 parenthesin
901 2480 950 2540 bis
972 2477 1110 2556 admisit,
1139 2475 1178 2539 de

154 2612 223 2675 qua
240 2591 303 2653 illie
322 2593 358 2651 in
378 2588 615 2654 Introductione
634 2595 747 2653 moniti
769 2606 921 2673 quantum
943 2592 1026 2653 satis.
1074 2592 1178 2672 Atque

153 2703 209 2765 his
226 2704 349 2781 legibus
371 2700 487 2782 digesta
509 2715 557 2765 est
575 2704 710 2765 varietas
731 2723 839 2765 rerum
857 2704 891 2763 iu
910 2703 1014 2765 medio
1033 2702 1181 2765 carmine.

152 2816 276 2882 Pedem
297 2816 451 2900 entium,
481 2814 606 2881 abunde
629 2816 681 2879 hie
703 2814 742 2880 de
763 2814 867 2881 medio
890 2814 1025 2879 carmine
1053 2812 1180 2882 dicuam.

590 3021 756 3038 Μ

222 3169 395 3252 Postquam
415 3168 593 3248 singulatim
616 3168 654 3231 de
677 3167 825 3244 exordio,
856 3168 958 3243 exitu,
983 3161 1087 3226 medio
1112 3181 1180 3223 car-

151 3286 243 3345 mine
266 3283 485 3366 exposuimus,
510 3285 685 3348 accedimus
708 3284 844 3365 denique
868 3278 907 3341 ad
929 3280 1072 3340 ultimum
1093 3274 1179 3361 quod

152 3392 338 3475 laciendum
356 3410 470 3476 restat,
493 3412 524 3460 et
545 3398 813 3462 considerabimus
832 3398 915 3456 totius
935 3395 1038 3470 elegiae
1049 3389 1181 3473 formam

152 3523 178 3572 et
191 3522 372 3574 structuram
393 3535 431 3575 un
450 3515 640 3595 dispartitus
659 3517 810 3599 carpimus.
853 3509 1027 3590 Explicabo
1041 3510 1102 3571 hoc
1117 3509 1182 3570 sin·

153 3630 302 3705 gulorum
321 3628 497 3689 carminum
513 3650 646 3694 recensu
662 3632 756 3708 facto,
778 3641 896 3690 etcum
915 3627 949 3687 in
968 3625 1180 3701 omnigenam

154 3743 229 3801 artis
260 3739 357 3801 etiem
389 3742 564 3820 peculiares
597 3744 726 3824 species
749 3742 932 3815 occurrant,
969 3736 1021 3797 tte
1053 3750 1180 3813 quoque

155 3850 241 3932 quod
260 3852 423 3933 reperitur
445 3853 645 3931 huiusmodi,
672 3874 739 3916 non
760 3851 949 3935 praeteribo.

219 3963 255 4025 Si
279 3965 409 4028 evolvas
430 3968 631 4048 Propertium
652 3979 684 4028 et
705 3963 869 4040 Ovidium,
897 3964 990 4038 longe
1018 3953 1111 4015 aliam
1134 3950 1181 4043 la·

158 4074 233 4135 ciem
251 4097 365 4141 rerum
386 4077 495 4145 videus
518 4096 613 4161 qttam
640 4078 723 4162 apud
746 4078 919 4139 Tibullum.
961 4073 1023 4133 Pro
1050 4063 1182 4131 exordio
