3009 4725
325 395 375 469 96
581 395 766 469 TlBULLl
799 395 1022 476 LIB.lV.1³.
1045 412 1088 472 ι4.

366 581 464 681 Quid
488 577 577 655 facio
602 581 769 657 demens?
800 583 867 657 heu
893 584 961 658 heu
984 615 1059 661 mea
1084 586 1231 688 pignora
1257 590 1351 664 cedo.

417 712 530 785 luravi
555 711 673 822 stulte:
698 713 864 814 proderat
889 714 951 788 isle
974 717 1084 791 timor.

369 842 470 914 Nunc
496 858 533 913 tu
559 842 768 932 fortiorum,
799 872 891 916 nunc
916 861 953 916 tu
979 870 1033 915 me
1060 843 1224 917 audacius
1250 874 1349 921 ures:

326 991 364 1046 20
421 972 495 1044 Hoc
521 973 655 1072 peperit
680 970 805 1043 misero
828 968 965 1066 garrula
991 969 1110 1069 lingua
1136 972 1273 1048 malum.

367 1100 441 1174 lam
457 1100 580 1173 sariam
596 1098 826 1199 quodcunque
841 1098 944 1189 voles,
967 1117 1045 1173 tuus
1064 1129 1172 1201 usque
1194 1105 1351 1193 manebo,

419 1231 490 1303 Nec
517 1229 645 1326 fugiam
671 1245 773 1301 nolae
799 1228 972 1301 servilium
1001 1228 1180 1320 dominae,

366 1358 437 1433 Sed
462 1357 604 1432 Veneris
630 1375 768 1431 sanctae
794 1357 972 1432 considam
997 1360 1130 1433 rinctus
1158 1361 1202 1434 ad
1227 1390 1311 1435 aras.

416 1489 510 1561 Haec
535 1504 631 1561 notar
657 1487 802 1561 iniustos
829 1486 1111 1590 supplicibusque
1137 1487 1235 1563 suver.

629 1726 913 1790 CARMEN
960 1728 1051 1792 XIV.

365 1805 524 1940 Rumor
547 1867 594 1940 ait
619 1866 739 1941 erebro
766 1884 919 1942 nostram
945 1897 1087 1969 peceare
1114 1866 1280 1969 puellam:

420 1999 520 2072 Nunc
545 2026 608 2098 ego
635 2025 689 2073 me
716 1999 831 2074 surdis
858 2001 998 2075 auribus
1025 2029 1098 2074 esse
1123 1998 1231 2072 velim.

374 2128 527 2203 Crimina
553 2158 623 2202 non
645 2129 730 2203 haec
756 2146 835 2202 sunl
861 2147 978 2202 noslro
1004 2129 1077 2201 sine
1099 2129 1187 2199 facta
1215 2124 1351 2198 dolore:

423 2257 521 2356 Quid
543 2259 705 2331 miserum
731 2274 888 2356 torques,
919 2283 1041 2329 rumor
1067 2253 1212 2328 acerbe?
1243 2272 1326 2328 tace.

366 2520 541 2663 Villicus
569 2582 677 2655 aerari
703 2581 897 2683 quondam,
928 2610 1022 2655 nunc
1050 2580 1160 2655 cultor
1185 2579 1302 2677 agelli,

418 2713 512 2785 Haec
537 2710 601 2784 libi
621 2711 824 2812 Perspectus
850 2710 995 2812 templa,
1027 2710 1171 2812 Priape,
1205 2709 1293 2782 dico.

375 2843 445 2916 Pro
473 2840 599 2942 quibus
626 2839 768 2929 officiis,
803 2841 831 2913 si
858 2841 910 2913 sas
933 2858 1000 2930 est,
1030 2858 1163 2930 sancte,
1189 2840 1354 2940 paciscor,

429 2970 600 3044 Assiduus
627 2988 741 3044 custos
769 2971 858 3043 ruris
883 2989 922 3045 ut
947 3000 1020 3045 esse
1047 2970 1147 3061 velis,

341 3076 560 3203 ¹almprolrus
587 3119 624 3174 ut
649 3100 758 3202 siquis
784 3120 939 3176 nostrum
965 3102 1099 3176 riolarit
1125 3098 1291 3199 agellum,

364 3224 370 3237 ⁸
425 3237 526 3308 Hunc
544 3234 711 3307 ru-sed
727 3252 837 3308 taceo:
864 3235 942 3322 seis,
965 3251 1058 3335 pulo,
1081 3232 1175 3332 quoel
1192 3230 1354 3331 sequitur.

405 3440 474 3493 Η.
493 3437 585 3492 laeto
602 3439 694 3508 optlmi
712 3438 786 3502 nori,
805 3440 883 3491 etiam
901 3439 996 3491 Curae.
1013 3454 1090 3500 vam,
1109 3436 1239 3489 mendose.
1267 3431 1354 3496 Vulgo

333 3535 410 3588 iacto
428 3534 462 3588 de
480 3539 631 3593 coniectura
645 3539 785 3591 Ponam.
821 3537 872 3589 Ani
885 3536 959 3604 ficta
976 3534 1152 3587 emendarunt.

812 3645 883 3660 u·-

406 3706 556 3761 Villiouo
579 3708 701 3762 aerari.
746 3709 859 3762 Annotat
877 3706 1083 3759 mormanus:
1110 3700 1210 3767 „Haec
1228 3697 1281 3750 duo
1299 3711 1358 3748 car·

335 3807 419 3874 mino,
438 3821 506 3874 quae
524 3808 592 3861 inter
608 3807 735 3860 Priuerni
753 3809 874 3873 leguntur
891 3804 955 3871 (82,
974 3803 1040 3871 83),
1064 3802 1197 3855 Iossrrus
1216 3800 1359 3851 Scaurum

334 3922 365 3960 ee
388 3908 413 3960 in
438 3906 529 3960 codice
552 3905 649 3959 euno.
668 3920 731 3958 rur.
756 3906 823 3959 inter
840 3904 960 3959 Tmonrn
984 3919 1064 3973 opera
1088 3901 1217 3970 reperisse
1241 3901 1359 3949 testatur.
1397 3976 1401 3983 .

335 4004 421 4060 Huius
440 4004 710 4071 comminantem,
730 4014 855 4073 quantum
874 4024 907 4062 ex
925 4007 1093 4061 annotatione
1111 4005 1265 4056 Scauronrr
1283 3999 1361 4050 intel·

337 4105 384 4173 11ςί
403 4108 525 4173 ponunt,
551 4101 694 4169 erpreui.’'
