3009 4725
582 409 768 476 TIBULLI.
1127 440 1191 480 aru

153 589 241 649 timor
273 582 517 670 quodammodo
547 583 694 668 excipiat.
746 584 830 650 Nam
859 586 920 652 boe
951 609 1067 671 genua,
1102 589 1188 676 quod

153 702 259 783 poeria
273 702 445 784 aeriptum,
466 698 590 764 credun
611 721 704 764 auum
724 703 785 788 eibi
805 706 970 787 proprium
989 729 1110 772 morem
1131 710 1188 771 ha-

154 818 277 895 buieae3
311 830 350 879 ut
377 815 540 878 lasciviam
568 815 666 878 babet
694 817 755 878 eibi
783 820 964 899 propriam,
994 842 1065 884 cum
1092 826 1188 903 vulgo

158 932 252 993 Meua
269 932 390 996 Tibulli
410 930 527 1013 pudiea
546 930 605 1012 eit,
634 931 679 995 aie
709 932 804 995 etiam
832 936 881 996 ira
911 948 943 997 et
971 933 1063 998 dolor
1086 935 1189 1001 rideri

162 1057 265 1126 poteet
287 1046 339 1106 bie
366 1058 431 1108 arte
457 1043 676 1109 vehementior
697 1047 737 1108 ab
760 1066 799 1108 eo
821 1067 990 1129 expreeeua
1012 1068 1108 1132 quam
1128 1069 1188 1130 pro

163 1181 252 1224 vero.
291 1164 394 1246 Atque
414 1177 513 1225 artem
534 1160 642 1245 prodit
663 1161 757 1230 etiam
778 1162 932 1244 elegantia
945 1185 1057 1245 magna
1072 1165 1189 1229 horum

162 1278 344 1342 carminum.
384 1278 506 1362 Nempe
535 1297 710 1361 puerorum
739 1297 829 1341 amor
856 1293 1024 1363 postquam
1048 1301 1066 1342 e
1088 1280 1189 1343 Grae·

160 1394 206 1456 eia
227 1392 269 1456 ad
290 1394 451 1460 Romanoa
476 1395 646 1457 randum
674 1406 757 1473 erat,
786 1394 837 1457 uei
865 1396 959 1459 etiam
986 1409 1098 1478 poetae
1127 1399 1186 1460 hac

159 1531 194 1573 re
222 1523 298 1574 aunt
325 1510 365 1576 ad
393 1514 482 1574 lmus
512 1513 669 1591 elegantes
697 1508 820 1571 Mutae.
865 1509 959 1573 Nunc
987 1513 1112 1575 immitis
1141 1525 1188 1576 est

161 1626 318 1690 formosus
333 1627 462 1710 quidam
476 1645 558 1710 puer
575 1627 717 1706 amatori,
735 1648 820 1688 nunc
835 1628 874 1690 ab
888 1629 951 1693 alio
965 1630 1186 1714 corrumpitur,

165 1762 249 1804 nune
271 1742 456 1804 elibertina
483 1742 634 1820 allicitur,
663 1753 731 1803 tum
758 1744 893 1824 euperbe
920 1743 1071 1824 habetur,
1099 1757 1131 1808 et
1159 1746 1186 1807 ei

97 1891 103 1904 ·
169 1875 234 1938 qua
256 1857 318 1918 alia
334 1858 413 1918 ratio
435 1870 578 1924 ornatum
599 1856 791 1920 admittebat.
837 1859 1001 1938 Tibullus,
1030 1880 1090 1941 pro
1112 1862 1186 1922 eim·

161 1971 306 2052 plicitate
333 1991 398 2032 aua⁴
419 1971 536 2033 alienus
561 1973 677 2054 eiquia
707 1972 789 2034 aliua
817 1973 857 2034 ab
884 1974 973 2035 inani
1001 1975 1091 2052 luen,
1121 1995 1186 2034 non

111 2105 115 2112 ·
161 2086 267 2168 potuit
292 2086 387 2168 plane
414 2085 486 2154 ficta
515 2099 687 2149 commenta
710 2103 840 2164 canere,
869 2082 924 2147 aed
947 2085 1063 2146 amavit
1082 2083 1188 2146 Mara·

160 2200 248 2262 thum
269 2211 302 2262 et
323 2200 439 2263 amavit
464 2198 578 2276 calide,
608 2212 645 2260 ut
675 2210 742 2260 erat
770 2199 929 2280 ingenium
963 2217 1075 2276 etrum3
1116 2215 1188 2260 cetu
1294 2254 1296 2256 ,

160 2328 261 2380 tantan
282 2328 398 2379 natura
418 2314 556 2378 maxime
579 2313 619 2377 ad
647 2315 826 2395 puellarum
857 2333 978 2377 amores
1008 2314 1108 2378 faetus
1139 2333 1187 2377 ea·

162 2443 222 2509 aet,
247 2432 382 2493 formare
410 2442 477 2492 arte
506 2430 627 2490 coloreo
649 2429 757 2508 paullo
775 2414 923 2491 fortiores
944 2429 1032 2493 illati.
1082 2429 1187 2511 Atque

160 2544 386 2628 haeequidem
407 2542 446 2605 de
465 2543 525 2604 hie.
566 2544 733 2604 Praeterea
752 2554 893 2622 exstant,
913 2554 951 2605 ut
971 2563 1030 2623 par
1051 2553 1115 2619 eet,
1136 2543 1187 2603 hic

157 2656 219 2720 illie
240 2660 340 2721 etiam
363 2657 397 2719 in
420 2656 529 2720 eeterie
551 2655 742 2717 carminibus
766 2655 894 2718 artificia
914 2657 1036 2738 poetica
1058 2668 1089 2717 at
1109 2656 1187 2735 igu-

71 2788 82 2811 ·
159 2794 214 2834 rae
234 2770 373 2849 dicendi,
394 2791 471 2853 quaa
492 2791 559 2833 non
581 2767 706 2832 dubites
728 2764 833 2830 dedita
855 2786 952 2847 opera
971 2767 1099 2848 positar,
1120 2788 1188 2830 non

157 2900 264 2949 temen
288 2886 410 2948 luetlrua
432 2882 555 2948 ideoeia.
566 2883 737 2961 inservire,
760 2877 816 2942 aed
838 2880 920 2941 aerio
943 2879 1057 2939 affectu
1077 2877 1190 2945 inlerri

37 3020 42 3025 ·
157 3013 188 3064 et
208 3023 341 3083 gravem
361 3022 488 3065 aeneum
514 3002 680 3095 continere
704 2999 823 3065 videas.
876 2975 1040 3073 Quaedam
1070 3012 1111 3053 ex
1139 2992 1222 3053 hia·

157 3119 260 3179 atatim
282 3117 320 3178 in
347 3117 492 3199 sequenti
521 3116 622 3197 eapite
653 3112 878 3189 considerabo,
908 3111 968 3172 alia
996 3108 1064 3171 aliia
1093 3108 1188 3187 locle3

157 3228 196 3292 ad
216 3231 404 3293 univer-eam
425 3241 531 3291 autem
551 3230 770 3292 mactationem
786 3247 894 3289 rerum
911 3223 991 3287 nihil
1006 3220 1188 3286 huiusmodi

156 3347 309 3424 pertinet,
329 3356 365 3407 ut
384 3346 487 3427 poeria
508 3345 591 3406 male
611 3344 768 3407 intellecta
788 3364 823 3404 re
845 3343 933 3405 abuti
954 3339 994 3403 ad
1012 3341 1072 3403 elia
1089 3344 1188 3403 multa
1217 3332 1229 3355 ⁶

156 3482 250 3525 aecus
271 3460 521 3545 interpretanda.
566 3462 731 3523 Postremo
747 3459 812 3521 ioci
826 3457 947 3521 ironica
963 3457 1103 3520 hilaritas
1121 3479 1187 3521 non

158 3578 251 3639 abeat
272 3576 400 3659 ‹iuidem
421 3600 441 3640 a
462 3577 602 3657 Tibullo,
624 3574 680 3641 aed
693 3576 830 3665 nonnisi
850 3578 883 3637 in
906 3575 1034 3656 singulis
1057 3574 1188 3657 quibua·

158 3688 231 3752 dam
253 3691 330 3753 lacit
351 3693 530 3774 reperitur,
550 3691 649 3755 veluti
670 3693 695 3769 1,
718 3696 747 3770 8,
771 3695 809 3751 71
834 3708 904 3772 eqq.
926 3691 966 3767 Π,
990 3695 1018 3765 1,
1041 3693 1108 3765 61.,
1130 3708 1189 3748 nee

158 3803 283 3881 multie3
303 3823 372 3864 non
391 3804 519 3886 reperio
542 3801 630 3887 quod
650 3799 818 3873 Paldamne
838 3803 862 3881 I,
885 3808 916 3879 2,
938 3806 992 3863 ⁵5.
1014 3805 1043 3877 6,
1064 3800 1117 3859 47.
1135 3802 1188 3859 56.

158 3918 267 3997 Vulgo
296 3918 378 3982 aeria
410 3932 478 3982 tota
506 3922 585 3982 haee
613 3919 728 4001 poesie.
766 3920 830 3989 ,Ac
859 3915 992 3979 Voeeiue
1023 3931 1189 3994 perperam
1275 3902 1278 3909 ’

160 4035 236 4094 laxa
264 4033 527 4117 interpretatione
557 4036 655 4098 multa
684 4032 725 4097 ad
752 4035 839 4097 leves
868 4027 1035 4093 sententiaa
1062 4039 1190 4090 revocat

163 4144 200 4203 in
220 4144 268 4207 bie
290 4149 492 4225 carminibus,
515 4170 553 4211 ne
577 4146 655 4232 quid
675 4124 800 4228 gravida
816 4143 951 4222 dicatum
974 4155 1009 4204 tu
1025 4160 1189 4206 verorum
