3009 4725
574 411 761 481 TlBULLI.
1039 441 1171 485 cxxxvii

233 593 316 655 Tum
339 584 467 654 veniam
490 585 610 667 subito,
639 608 698 649 neo
719 584 890 671 quiequam
910 589 1033 653 nuntiet
1054 602 1140 670 anta,

273 704 340 769 Sed
362 702 475 768 videar
498 703 583 763 caelo
606 699 720 765 missua
743 699 851 764 adesse
875 701 946 765 tibi.

149 819 246 884 Video
268 815 547 900 amplificationem
567 813 842 896 simplicissimam,
871 826 935 876 tam
955 836 1069 897 parum
1090 817 1173 880 enim

153 935 263 995 amhae
287 932 407 993 formae
437 927 611 990 sententiae
637 927 789 1010 cuiusque
815 924 966 992 differant
994 940 1030 990 ut
1055 929 1174 991 similli-

155 1066 225 1108 mae
247 1045 320 1106 rint.
360 1044 407 1103 Aa
427 1042 565 1122 graviter
578 1038 819 1122 reprehendunt
838 1042 945 1103 locum
966 1042 990 1113 1,
1006 1049 1037 1122 3,
1053 1049 1110 1106 71:

242 1157 333 1219 Tunc
355 1155 441 1234 niger
462 1155 496 1216 in
517 1165 612 1236 porta
637 1165 819 1233 serpentum
844 1154 1003 1218 Cerberus
1025 1177 1082 1228 ore

280 1266 399 1330 Stridet
425 1279 457 1329 et
477 1278 600 1328 aeratas
622 1266 757 1328 excubat
781 1279 853 1328 ante
876 1269 979 1346 fores,

152 1378 208 1443 aed
237 1379 373 1455 iniuria,
412 1377 545 1444 docento
576 1377 811 1441 Commentario
844 1393 963 1444 nostro.
1018 1377 1176 1442 Vitiosum

154 1493 247 1554 etiam
266 1493 318 1554 hic
341 1492 423 1554 nihil
444 1504 507 1568 eet,
529 1513 603 1554 cum
624 1490 752 1553 minime
774 1490 908 1555 debilior
931 1495 971 1558 ait
991 1496 1178 1576 pentametri

156 1606 326 1683 sententia,
358 1617 390 1667 et
417 1606 588 1668 obseruare
616 1605 845 1687 simplicitatem
871 1619 983 1687 poetae
1012 1606 1179 1684 debebant,

157 1741 225 1783 non
258 1738 404 1783 accusare
435 1720 675 1799 negligentiam,
718 1740 800 1802 quae
835 1723 934 1784 nulla.
997 1721 1179 1805 Uaurpatur

158 1847 268 1899 autem
293 1834 388 1912 uulgo
411 1832 456 1893 ita
477 1834 515 1894 ab
542 1853 581 1895 eo
606 1854 675 1912 rea,
703 1845 739 1895 ut
762 1834 914 1896 sententia
937 1835 973 1897 in
996 1837 1180 1902 hexametro

158 1953 267 2036 posita
285 1947 440 2013 reddatur
458 1948 526 2010 aliis
546 1950 650 2014 verbis
669 1950 704 2012 in
726 1962 941 2031 pentametr03
970 1963 1071 2014 totum
1093 1953 1182 2016 dieti·

159 2067 243 2128 chon
271 2061 415 2125 additum
442 2060 536 2124 video
559 2062 605 2140 ΙΙ,
627 2067 663 2139 5,
685 2066 739 2123 59.
764 2062 799 2123 in
826 2062 1085 2142 magnificentiori
1114 2086 1182 2129 cor·

160 2178 252 2239 mine.
303 2174 418 2258 Neque
440 2172 584 2238 invenias
608 2175 772 2237 Tibullum
797 2175 936 2257 propriis
964 2174 1051 2260 quod
1077 2179 1182 2242 verbio

163 2289 276 2353 dictum
306 2285 422 2351 deinde
453 2288 646 2371 amplificare
677 2289 825 2372 tropicis,
867 2291 967 2356 veluti
997 2293 1182 2376 Propertius
1275 2283 1280 2292 ’

165 2405 409 2485 factt1‚5,o:

248 2514 332 2593 Quid
352 2515 412 2579 tihi
432 2514 498 2593 via,
527 2509 664 2577 insane?
697 2534 786 2576 meae
810 2516 927 2580 sentire
947 2517 1099 2584 furores?

288 2629 422 2705 Infelix,
449 2646 605 2709 properae
630 2628 729 2689 ultim
749 2649 829 2689 nosse
852 2630 946 2707 mata,

251 2741 289 2802 Fi
308 2745 391 2801 mabar
410 2745 514 2817 ignotos
534 2744 648 2817 vestigio
660 2738 744 2821 serre
761 2744 927 2823 parignei,

295 2852 682 2925 ianuamianuaim
705 2852 862 2915 lbeaaahir.

167 2968 213 3031 Ac
243 2967 341 3029 aemel
370 2977 494 3029 tantum
521 2966 696 3048 mythicum
727 2986 825 3047 genua
854 2959 1103 3045 amplificationis
1133 2959 1188 3023 ad-

169 3080 272 3142 hibuit
289 3079 325 3140 in
345 3076 605 3158 magnificentium
628 3081 765 3141 carmine
787 3080 834 3157 11,
856 3081 892 3156 5,
914 3082 951 3140 7:

252 3192 315 3257 Sed
337 3191 455 3257 nitidus
477 3195 673 3277 pulcherque
695 3194 786 3257 veni:
817 3212 901 3255 nuno
923 3186 1019 3261 indue
1044 3200 1161 3253 vestem

297 3305 490 3387 depositam,
517 3310 627 3386 longae
651 3324 735 3368 nuno
761 3307 842 3367 bene
870 3315 959 3386 pecte
985 3321 1105 3380 comae,

257 3419 378 3503 Quoiam
396 3432 433 3482 te.
445 3432 601 3482 mertiorum
621 3422 746 3482 Sotumo
766 3439 832 3496 rege
844 3415 950 3500 ,ἥψω

298 3534 406 3595 Victori
422 3535 524 3597 laudes
544 3538 712 3595 concinuisse
731 3534 800 3595 Ioui.

172 3642 286 3723 Qualia
316 3646 505 3731 exquisitior
534 3668 585 3709 ars
617 3660 711 3710 amat.
773 3644 905 3727 Saepius
935 3660 1012 3705 vero
1044 3646 1195 3716 usurpata

173 3760 268 3822 Albio
289 3760 344 3823 illa
366 3761 472 3824 lorma
494 3760 762 3844 amplificationis,
786 3757 843 3820 ubi
863 3754 1002 3836 generali
1026 3747 1195 3813 sententiae

173 3873 338 3936 subiicitur
370 3872 514 3937 eiusdem
544 3873 711 3955 specialior
740 3869 933 3946 enuntiatio,
973 3877 1027 3928 aut
1057 3858 1197 3943 specialia

173 3986 328 4049 sententia
356 3987 532 4051 absolvitur
554 3984 744 4068 generaliori
769 3983 854 4049 idam
878 3981 1003 4063 gravius
1027 3985 1198 4059 repetente·

174 4098 224 4162 De
247 4121 313 4183 qua
337 4099 423 4162 inira
448 4098 551 4163 dicam
576 4100 611 4161 in
631 4100 703 4162 loco
729 4097 768 4160 de
795 4095 974 4177 anaphora,
1011 4110 1094 4153 nunc
1120 4086 1199 4148 nihil
