3009 4725
343 353 407 416 460
578 348 862 419 COMMENTAR.
879 352 927 418 IN
948 351 1122 420 TlBULLl

345 520 414 576 unde
432 520 572 592 respondet
590 521 615 576 ei
636 527 721 590 poeta.
766 520 860 591 Neque
878 522 948 577 enim
966 524 1020 580 uiis
1037 524 1128 581 harum
1146 525 1288 595 elegiarum
1306 527 1369 580 sine

343 626 416 674 certa
441 619 551 688 quadam
576 625 685 674 exteras
708 636 787 674 causa
812 625 855 674 est
879 622 985 691 scripta.
1030 625 1168 679 Videamus
1192 641 1260 680 nune
1283 641 1369 693 argn-

343 727 468 777 mentum.
503 723 620 789 Summa,
637 729 667 775 nt
683 723 765 788 alias,
790 723 878 777 stetim
903 725 930 777 ln
955 726 1083 796 principio
1101 728 1198 795 legitur
1215 728 1367 783 enuntiatae

343 823 423 879 Nuils
440 825 491 879 alle
508 824 622 878 abducet
640 840 682 879 me
698 840 714 877 s
732 830 774 891 te,
800 824 849 878 tibi
866 825 893 878 in
911 832 1065 895 perpetuum
1083 842 1125 881 me
1142 826 1252 912 παύω
1273 828 1368 894 Atque

342 925 370 981 in
397 925 437 980 his
466 924 627 996 explicandis
651 931 771 980 versetur
797 924 893 992 elegia.
935 924 979 977 Tu
1006 925 1075 978 enim
1098 926 1156 979 solu
1181 924 1367 993 mihtpiacu,

343 1027 445 1097 pergit,
467 1032 547 1094 atque
564 1027 664 1083 utinam
679 1028 724 1080 sili
741 1026 837 1080 nemini
855 1026 975 1095 piscess3
1004 1025 1193 1082 lubenseaseo
1211 1025 1365 1080 celebritate

343 1146 377 1183 cs
394 1128 463 1198 quod
481 1129 610 1196 insignem
628 1129 739 1198 pueliam
759 1126 881 1192 baham,
899 1132 987 1182 tecum
1004 1130 1103 1197 possim
1121 1130 1147 1182 in
1166 1130 1237 1182 silvis
1253 1136 1281 1182 et
1297 1130 1366 1182 soli-

343 1229 433 1283 tudine
447 1231 549 1295 rivere,
566 1244 599 1283 ue
616 1229 706 1281 iicete
725 1227 799 1280 caelo
817 1227 934 1281 mittetur
951 1228 1049 1295 emica,
1068 1219 1157 1284 Venus
1175 1230 1232 1300 ipsa
1249 1245 1300 1283 uon
1318 1245 1366 1284 ure

343 1331 441 1400 polerit
465 1329 563 1383 artibus
585 1327 640 1381 suis
665 1343 683 1380 u
706 1335 734 1380 te
758 1341 877 1380 evocare.
920 1325 1095 1382 Effunduntur
1113 1327 1177 1382 haee
1194 1327 1363 1394 viridissime,

343 1446 395 1483 nnc
419 1429 533 1497 impetn,
559 1428 645 1495 megis
668 1426 805 1494 magisque
828 1427 1004 1482 incalescente
1028 1430 1123 1482 animo.
1159 1427 1235 1483 Nunc
1253 1428 1363 1483 attende

342 1526 474 1595 quomodo
491 1527 569 1580 tinem
586 1524 700 1578 inveniat
717 1526 811 1593 elegia.
854 1524 927 1580 Ecce
951 1533 1058 1597 repente
1077 1543 1111 1581 ex
1128 1527 1224 1581 affectu
1240 1527 1309 1581 redit
1325 1528 1364 1581 ed

342 1644 379 1682 se.
416 1624 487 1685 Quid
512 1624 581 1678 iseio
604 1623 735 1678 demensi
770 1622 859 1678 Prodo
875 1625 1025 1695 imprudens
1043 1626 1162 1680 ardorem
1180 1640 1265 1679 meum
1281 1626 1360 1695 puel-

341 1729 400 1792 lse,
426 1739 494 1793 quae
511 1738 579 1777 nnnc
599 1738 693 1777 secure
711 1723 808 1777 umoris
828 1725 895 1791 mei,
921 1725 1034 1779 dlidcliis
1052 1727 1102 1780 erit
1119 1732 1147 1779 et
1163 1726 1300 1796 superbius
1317 1742 1364 1782 tne
1453 1725 1454 1738 i

341 1832 409 1879 uret.
445 1822 516 1880 Quid
535 1821 638 1890 lgitnri
674 1818 790 1874 Mauebo
807 1822 851 1874 nel
868 1822 924 1888 sic,
942 1823 1044 1891 pergit,
1061 1823 1089 1876 in
1105 1825 1231 1877 servitute
1248 1824 1363 1893 puellae,

341 1940 427 1992 equa
443 1920 580 1976 discedere
597 1921 700 1974 omnino
718 1935 771 1973 uon
789 1937 902 1989 possum.
940 1923 979 1976 Ac
1002 1923 1026 1976 si
1048 1921 1139 1977 durius
1160 1923 1270 1991 habeas,
1295 1939 1364 1979 cou-

341 2028 439 2095 iuglann
464 2023 497 2078 ad
517 2023 730 2087 cumvenerit,
756 2038 823 2090 quse
841 2024 915 2093 punit
931 2023 1041 2077 iniustos
1059 2030 1087 2093 et
1103 2025 1263 2094 supplicibus
1279 2024 1364 2078 iuret.

341 2123 423 2180 Vides
440 2123 507 2175 bene
525 2135 618 2174 noram
637 2119 817 2188 gradationem
834 2122 979 2174 sententies
996 2121 1123 2188 udditsm,
1149 2124 1172 2174 si
1190 2123 1295 2189 quidem
1318 2125 1365 2177 rei
1454 2119 1455 2122 ’

341 2222 472 2278 crudelius
490 2219 592 2274 habitus
610 2234 662 2272 non
687 2218 796 2271 desistet
818 2218 852 2269 eb
874 2230 963 2268 amore
987 2232 1048 2280 sno,
1074 2223 1103 2268 et
1120 2222 1206 2268 tannen
1224 2220 1367 2310 linitores

340 2322 483 2377 absolvitur
510 2322 588 2375 etiam
612 2318 744 2387 aptissime
772 2315 856 2382 elegia
883 2330 942 2368 cunr
968 2312 1017 2368 lnoc
1037 2313 1211 2369 'considerate
1241 2318 1366 2387 repetito
1455 2343 1456 2354 κ

341 2425 450 2477 consilio
470 2426 610 2491 perpetuae
635 2417 797 2473 concientiae
819 2423 976 2486 speratoque
1000 2416 1098 2469 anxilio
1115 2416 1235 2469 Veneris.
1278 2417 1363 2471 Cete-

341 2541 398 2579 rurn
426 2523 460 2576 de
488 2526 619 2573 structura
649 2520 771 2572 cs'rnrinis
800 2498 918 2585 uitalis,
950 2533 1001 2571 non
1028 2517 1170 2572 discretum
1201 2516 1244 2571 hic
1269 2515 1361 2572 lraberi
1455 2512 1456 2527 ¹

341 2621 536 2685 exordium,
567 2617 615 2672 sed
646 2614 782 2670 conlu'surn
815 2632 873 2670 cum
903 2616 1071 2684 sequentibus
1098 2632 1148 2669 una
1177 2617 1361 2685 perpetuitate,

341 2718 410 2787 quod
429 2718 509 2771 semel
535 2715 577 2769 iric
602 2715 705 2769 admisit
723 2715 844 2767 Tibullus
861 2716 887 2767 iu
912 2731 991 2784 parve
1015 2716 1108 2783 elegis.
1145 2715 1270 2769 Exitus
1293 2731 1359 2769 vero

340 2817 460 2872 distincte
478 2821 615 2888 separatur
631 2829 647 2866 a
665 2814 767 2867 ceteris.

746 3019 956 3037 m

713 3204 982 3271 EXPLICATIO.

410 3419 445 3471 V.
470 3423 562 3475 1-1o.
605 3421 706 3474 Prior
737 3435 815 3490 pars
848 3419 1017 3473 carminis.
1061 3418 1158 3470 Iurat
1189 3420 1290 3485 poeta
1322 3414 1357 3464 in

339 3523 544 3586 perpetuum
577 3534 614 3569 se
644 3520 819 3572 addictum
853 3519 991 3587 puellae
1028 3532 1127 3581 suae,
1161 3520 1199 3567 >et
1230 3513 1356 3565 nullem

339 3618 438 3671 ulium
464 3629 604 3681 unquam
630 3616 698 3667 siti
726 3621 941 3686 placiturum.

410 3719 443 3771 V.
464 3721 478 3769 i
498 3733 537 3784 sq.
570 3714 742 3771 subducet
770 3721 911 3786 iectnnr,
944 3719 1035 3772 dolose
1060 3717 1199 3784 surripiet,
1225 3711 1358 3766 blanditiis

340 3822 393 3874 suis
410 3834 452 3872 me
469 3817 601 3871 abducens
618 3834 633 3869 a
652 3826 687 3882 te,
706 3821 852 3886 explicante
871 3822 938 3874 bene
957 3821 1082 3884 Hermo,
1100 3818 1143 3884 qui
1163 3814 1264 3869 conlert
1281 3812 1356 3864 Pno-

339 3937 421 3974 Prsu'r.
439 3920 460 3985 i,
479 3923 505 3984 ⁸,
525 3922 578 3971 ts:
605 3918 661 3968 Nee
678 3916 744 3968 mlii
762 3918 857 3971 rivulis
876 3930 961 3973 certos·
980 3917 1107 3971 subducit
1126 3932 1236 3967 umores.
1272 3913 1359 3964 Porro

337 4023 425 4074 lectur
442 4027 483 4074 est
500 4020 674 4087 consuetudo,
703 4037 791 4087 amor,
819 4026 850 4074 ui
873 4028 976 4083 notum,
1005 4023 1032 4070 et
1060 4021 1212 4084 competant
1234 4014 1359 4065 Satrius
1383 4072 1386 4077 ξ

338 4115 519 4181 Haemusque
537 4115 619 4185 Soplr.
637 4116 736 4172 Eiecir.
755 4132 779 4171 r.
798 4119 859 4170 liti.
878 4114 921 4168 uir
941 4108 1015 4170 adreio
1032 4106 1245 4171 elnoniensiprros
1265 4106 1358 4160 videu-
