3009 4725
448 485 633 563 TIBULLI
661 486 746 562 ΠΒ.
768 490 793 564 1.
811 508 837 565 a
855 506 882 567 4.
1129 499 1177 572 13

150 679 450 778 75P0rreetusque
478 702 598 750 novem
629 677 749 781 Tityos
780 705 843 778 per
869 676 987 778 iugera
1017 699 1125 758 terrac

241 805 410 884 Assiduae
438 821 512 878 atro
538 804 664 879 viscere
691 806 802 907 pascit
830 834 917 882 aves.

192 936 356 1011 Tantalus
384 950 436 1009 est
464 931 554 1023 illic,
589 950 622 1007 et
647 934 776 1009 circum
804 951 943 1035 stagna:
976 938 1037 1014 sed
1064 969 1175 1017 acrem

243 1066 317 1138 lam
342 1063 408 1136 iam
435 1061 550 1163 poturi
578 1060 703 1135 deserit
727 1061 823 1138 unda
849 1065 959 1140 sitim:

196 1197 240 1270 Et
263 1195 376 1269 Danai
401 1193 531 1295 proles,
564 1195 706 1269 Veneris
732 1196 828 1298 quod
853 1198 995 1273 numina
1021 1199 1135 1293 laesit,

152 1346 192 1400 80
246 1326 287 1397 Iu
313 1351 394 1398 cava
418 1321 585 1396 Lethaeas
610 1321 701 1396 dolia
726 1343 841 1425 portat
866 1355 981 1428 aquas.

192 1454 266 1530 lttic
290 1454 351 1544 sit,
382 1452 582 1555 quicunque
608 1480 702 1525 meos
727 1452 863 1529 violarit
888 1484 1038 1548 amores,

241 1582 381 1685 Optavit
409 1580 518 1655 lentas
549 1597 584 1655 et
612 1580 697 1654 mihi
725 1581 871 1658 militias.

194 1710 242 1784 At
264 1728 301 1784 tu
325 1729 417 1786 easta
442 1738 567 1813 precor
594 1739 752 1801 maneas,
783 1713 959 1817 sanctique
983 1716 1128 1819 pudoris

244 1839 402 1913 Assideat
431 1858 545 1914 custus
572 1839 694 1916 sedula
721 1869 856 1943 semper
885 1872 980 1919 anus.

153 1970 293 2042 &Haec
318 1967 381 2041 tibi
406 1966 546 2043 fabellas
570 1970 695 2044 reserat
718 1972 895 2073 positaque
921 1973 1059 2049 lucerna

245 2098 403 2173 Deducat
427 2096 529 2202 plena
554 2101 700 2175 stamina
725 2100 829 2200 lunga
856 2099 948 2190 colo,

189 2230 241 2303 Ac
268 2229 358 2304 circa
386 2228 548 2327 gravibus
573 2230 689 2329 pensis
716 2229 818 2306 affixa
843 2229 956 2333 puella

239 2357 408 2445 Paulatim
433 2386 556 2433 somno
582 2358 673 2435 fessa
698 2361 845 2436 remittat
870 2390 968 2464 opus.

189 2491 278 2563 Tum
302 2490 436 2565 reniam
463 2487 596 2578 subito,
626 2516 689 2564 nec
716 2491 897 2593 quisquam
924 2492 1057 2567 nuntiet
1081 2509 1173 2580 ante,

152 2637 191 2692 9ο
248 2617 316 2691 Sed
339 2618 457 2692 ridear
482 2616 575 2691 caelo
599 2618 725 2693 missua
752 2620 871 2694 adesse
895 2621 967 2695 tihi.

192 2746 292 2819 Tunc
314 2743 418 2834 mihi,
448 2744 559 2845 qualis
585 2747 670 2836 eris,
701 2745 824 2849 longua
850 2748 986 2823 turbata
1011 2744 1173 2849 capillus,
1258 2742 1261 2747 ¹

242 2875 355 2951 Obvia
380 2875 528 2966 nudato,
561 2876 681 2967 Delia,
712 2905 811 2951 curre
837 2877 934 2978 pede.

192 3006 268 3080 Hoc
291 3032 429 3107 precor,
461 3004 555 3080 hunc
580 3006 676 3081 illurn
702 3006 804 3082 nobis
826 3006 962 3080 Aurora
988 3004 1149 3078 nitentem

241 3136 437 3212 Luciferum
461 3134 568 3211 roseis
595 3136 744 3214 candida
770 3153 882 3239 portet
906 3134 1011 3236 cquis.
1206 3112 1208 3115 V

480 3543 740 3607 ELEGIA
786 3543 844 3606 tv.

190 3704 281 3839 ‘Sic
307 3765 471 3840 umbrosa
499 3766 559 3840 tibi
588 3767 789 3863 contingant
813 3781 917 3854 tecta,
952 3766 1095 3869 Priape,

241 3893 292 3967 Ne
318 3895 423 3995 capiti
444 3894 553 3985 uoles,
584 3923 629 3969 ne
655 3911 867 3994 noceantque
892 3895 1003 3967 nives:

190 4020 289 4117 Quae
314 4038 374 4095 tua
400 4023 569 4098 fornrosos
597 4023 685 4125 cepit
710 4022 881 4097 sollertia?
914 4038 1003 4095 certe

239 4151 319 4225 Nou
345 4152 408 4226 tihi
431 4152 541 4226 barba
566 4152 667 4242 nitet,
692 4180 764 4224 non
788 4151 850 4224 tibi
877 4148 965 4224 culta
993 4176 1089 4225 conta
1111 4166 1171 4239 est
