3009 4725
329 395 387 449 162
558 387 838 456 COMMENTAR.
862 393 907 457 IN
931 393 1103 459 TIBULLI

401 566 433 618 V.
451 568 486 617 su
497 579 536 631 sq.
575 562 644 615 line
661 561 752 616 sdes.
790 565 866 618 Adsis
884 579 952 619 nunc
970 568 1083 619 loetitiae
1101 564 1177 619 detor
1194 567 1254 624 isole
1272 571 1345 625 testo.

329 662 396 718 Num
412 662 512 715 Genius
529 661 635 714 illustris
652 660 700 713 viri
717 667 759 713 est
776 662 883 714 illustris
901 663 975 730 deus,
994 667 1067 718 cuius
1083 666 1165 718 sacris
1183 667 1346 722 celebrandis

328 761 490 830 provincialis
508 761 573 815 deus
591 765 663 815 recle
681 760 801 816 ndvocuri
822 765 915 832 potuit.
934 788 970 803 -
1003 771 1137 819 centum
1162 765 1254 818 ludis
1281 771 1344 823 Ge·

326 863 485 929 ulumque
510 861 648 915 clroreis
671 863 893 930 concelebra,
920 862 946 914 h·
965 879 988 917 e.
1014 870 1117 917 centum
1141 862 1209 918 ludis
1227 862 1344 918 choreis-

326 976 377 1028 que
403 962 470 1016 Gen.
487 963 654 1028 concelebra,
687 962 725 1014 uti
752 963 803 1015 iam
828 963 1041 1036 Bnoncsnnspus
1065 961 1144 1026 vidit,
1172 963 1344 1019 collocutione

326 1061 461 1114 uerborum
479 1059 659 1124 usitatissime,
678 1058 758 1111 veluti
774 1060 797 1112 si
815 1059 898 1112 dicere
920 1058 1000 1127 pacis
1022 1077 1084 1112 eros
1102 1054 1255 1133 uredineque
1273 1059 1343 1119 lein,

325 1161 377 1214 vid.
396 1160 429 1213 sd
449 1160 470 1225 l,
486 1163 513 1226 t,
531 1162 575 1213 42.
599 1165 626 1211 et
643 1158 665 1222 l,
684 1161 710 1223 l,
728 1161 774 1212 51.
816 1159 904 1215 Quare
928 1159 995 1212 bene
1019 1160 1182 1213 emendatum
1206 1166 1248 1213 est
1271 1158 1344 1209 hedis

324 1259 463 1312 nSnsmo
486 1264 514 1309 et
536 1257 562 1308 lu
586 1254 661 1309 codd
678 1256 779 1322 aliquot
797 1272 836 1323 pr.
853 1255 946 1314 indos,
972 1274 1041 1324 quoe
1065 1259 1143 1311 lectio
1168 1259 1201 1311 uls
1227 1259 1260 1311 iis
1283 1258 1344 1312 oriri

323 1357 425 1424 potuit,
449 1354 493 1420 qui
510 1352 586 1406 ludos
602 1353 769 1421 Geniumque
787 1353 946 1420 iungendum
964 1363 1101 1410 censerent
1118 1357 1281 1425 ignomtioue
1298 1370 1344 1409 re·

322 1470 367 1511 rue
384 1453 591 1507 constructionis.
627 1454 693 1506 Aliis
715 1451 757 1506 liic
781 1456 967 1508 mutationibus
990 1471 1042 1510 non
1067 1470 1141 1526 opus
1177 1456 1256 1513 Quod
1274 1458 1342 1510 enim

321 1556 482 1610 Huscnnrus
499 1557 637 1624 proponit:
664 1563 692 1605 et
711 1555 824 1606 Gessium
849 1555 922 1609 Indis
939 1566 1098 1630 centumque
1119 1558 1235 1618 elnonis,
1261 1559 1342 1612 meul-

321 1659 389 1711 iesto
409 1657 522 1710 deterius
539 1661 596 1720 est,
622 1670 671 1708 nec
688 1658 868 1710 commnione
894 1656 1033 1727 displicere
1056 1663 1143 1727 potest
1165 1665 1195 1712 ut
1218 1666 1342 1709 sanctum

321 1756 443 1812 emendes
468 1769 528 1808 oum
552 1755 654 1807 (ἔϊκτο
681 1761 709 1808 et
733 1755 847 1822 Vossro,
877 1771 937 1809 cum
962 1736 1080 1810 orimus
1105 1757 1175 1810 diost
1198 1756 1282 1825 Epist.
1308 1771 1341 1810 ex

320 1857 407 1910 Ponto
424 1855 511 1921 1v‚u,
530 1857 591 1907 115.
608 1853 668 1907 loco
683 1852 719 1905 nb
735 1843 794 1922 ipso
812 1853 911 1907 Vosrso
927 1861 1032 1909 notator
1060 1853 1176 1906 Pontica
1193 1871 1233 1905 nn
1250 1853 1341 1910 tellus,

321 1956 433 2027 quentis
461 1953 513 2005 irae
536 1971 681 2022 possumus
705 1971 770 2012 ora.
797 1954 918 2006 natalem
942 1954 1017 2008 luctis
1042 1954 1095 2007 scit
1123 1953 1255 2008 celebrare
1278 1954 1340 2008 Dei.

319 2052 461 2106 illustravit
487 2059 594 2102 ceritum
625 2050 659 2104 de
691 2066 787 2119 magno
818 2068 925 2106 numero
952 2052 1050 2106 dictum
1078 2053 1145 2108 bene
1171 2053 1337 2108 Huscnrrua.

320 2152 483 2207 Multimodis
501 2152 568 2205 enim
586 2151 654 2204 ludis
672 2152 788 2219 iocisque
806 2152 983 2206 exhilarabant
1001 2154 1046 2205 tali
1061 2152 1105 2205 die
1123 2155 1250 2219 Genium,
1273 2169 1340 2222 quos

319 2256 485 2310 nunoOsiria
502 2254 598 2308 docere
614 2252 700 2306 debet.
722 2282 752 2293 -
782 2261 934 2321 tempora
959 2251 1061 2304 fundo
1085 2249 1189 2316 mero,
1212 2251 1246 2305 ci
1264 2254 1298 2306 sd
1317 2255 1340 2318 l,

318 2360 346 2421 2,
363 2364 392 2409 u.
428 2356 527 2413 Ducem
550 2353 607 2407 vult
630 2352 708 2407 etism
732 2353 760 2405 in
784 2348 833 2404 iroc
856 2350 933 2403 deum
958 2365 1016 2403 esse
1040 2350 1134 2404 ceteris
1158 2351 1281 2405 convivis.
1300 2378 1338 2396 -

320 2458 354 2513 V.
371 2461 416 2509 ol,
434 2460 479 2509 52.
515 2454 601 2507 Etiam
619 2452 719 2505 Genius
737 2452 794 2520 ipse
819 2450 888 2503 laete
912 2456 1018 2502 ematur
1042 2450 1117 2503 adsit.
1154 2452 1261 2505 stillent
1282 2454 1339 2507 elas

318 2558 418 2626 capillis
436 2562 582 2623 unguento,
607 2559 636 2606 ut
657 2567 714 2607 mos
737 2558 795 2605 erat
818 2551 863 2604 ubl
888 2551 947 2618 quis
971 2552 1055 2620 epulis
1078 2551 1223 2605 interesset.
1259 2552 1340 2609 Quod

317 2658 385 2713 enim
402 2657 615 2709 Bnouosnnsrus
632 2653 818 2706 amoenitstum
836 2648 970 2720 praesides
988 2648 1060 2716 deos,
1078 2649 1268 2718 Hymenaeum,
1285 2653 1339 2705 Ve-

317 2772 420 2822 nerem,
437 2756 578 2825 Cupidines
594 2768 698 2808 amomo
713 2759 805 2806 unctor
823 2757 972 2820 comparet,
990 2766 1023 2804 eo
1042 2765 1094 2804 non
1111 2767 1193 2820 opus3
1217 2752 1338 2806 solemnis

316 2859 414 2913 mentio
431 2857 565 2910 nitentium
589 2856 728 2920 unguentis
752 2854 906 2921 capillorum
924 2854 951 2905 iu
969 2853 1121 2906 lentioribus
1140 2854 1277 2920 conuiuiis,
1302 2852 1336 2905 ci.

317 2972 340 3010 v.
358 2974 382 3010 c.
403 2956 512 3009 Honor.
532 2953 567 3018 ll,
584 2959 612 3018 t,
628 2959 656 3007 7.
686 2953 734 3019 ill,
759 2959 786 3020 1,
813 2957 858 3008 22.
902 2956 967 3008 Erat
990 2971 1033 3008 res
1058 2956 1161 3009 omuino
1188 2962 1216 3006 et
1239 2954 1337 3008 delion·

315 3059 410 3111 tiorum
437 3062 465 3107 et
489 3068 579 3106 eorum
605 3052 650 3118 qui
675 3051 763 3107 Genio
783 3050 957 3119 indulgerent.
1001 3052 1125 3107 Ceterum
1151 3051 1266 3105 nitido
1289 3066 1337 3119 per

313 3157 446 3225 prolepsin
466 3153 563 3206 dietum
581 3151 654 3205 vides
674 3157 704 3203 ut
723 3151 745 3214 1,
763 3154 790 3215 8,
813 3155 859 3217 Ιθς
886 3154 952 3205 nitet
976 3154 1044 3209 euim
1068 3155 1217 3220 unguentis.
1253 3155 1330 3211 Quod

313 3270 363 3308 nou
381 3257 494 3309 ieiunum
512 3251 553 3305 ido
571 3257 627 3316 est,
654 3241 701 3304 sed
725 3249 814 3317 placet
832 3265 942 3304 nervosa
960 3252 1103 3306 cumulatio
1121 3252 1258 3320 similium,
1285 3252 1330 3306 uisi

313 3371 363 3408 unu
386 3357 457 3409 notio
476 3355 544 3407 iaetu
559 3357 669 3418 regnut3
696 3364 756 3404 nam
774 3350 859 3404 laetus
877 3351 980 3405 inbitur
1005 3351 1048 3406 dei
1068 3359 1124 3417 eat,
1151 3367 1230 3418 quem
1247 3353 1330 3405 omnia

312 3456 459 3524 significare
478 3455 584 3508 debent·
618 3452 756 3519 eogtubts
774 3459 861 3506 sutem
880 3455 958 3506 etism
977 3453 1141 3517 simulscrum
1160 3451 1201 3504 del
1220 3452 1332 3518 ligneum

313 3568 381 3604 nuno
408 3551 458 3604 iroc
483 3552 561 3604 modo
586 3557 720 3617 ornatum,
748 3557 779 3604 ut
802 3558 925 3605 notarunt
948 3553 1112 3621 interpretes.
1148 3550 1240 3603 Stnlsst
1263 3547 1333 3603 euim

313 3646 391 3702 Genii
409 3649 573 3702 simulacrum
591 3650 763 3706 adolescentis
780 3654 895 3720 speciem
915 3652 1030 3706 referens
1046 3653 1115 3707 inter
1129 3651 1211 3704 Lares
1229 3649 1254 3702 iu
1272 3648 1333 3702 ioco

311 3747 377 3800 atrii.
415 3745 475 3799 Hoc
493 3746 619 3800 ornabant
637 3748 680 3801 die
698 3749 777 3805 uutnli
795 3751 904 3817 ullisque
926 3749 999 3803 iestis
1018 3750 1138 3815 corollis,
1163 3749 1244 3803 nardo
1261 3748 1334 3802 aliis-

311 3862 362 3914 que
380 3845 527 3914 unguentis,
546 3852 574 3899 et
590 3848 757 3917 apponebant
777 3848 829 3901 llbs
847 3855 875 3901 et
892 3849 957 3900 rina.
995 3848 1038 3902 cl.
1057 3849 1151 3903 iissre.
1168 3850 1202 3902 ad
1219 3850 1252 3914 ll,
1266 3846 1334 3917 217,

311 3948 387 4002 Voss.
412 3947 446 4001 ad
474 3946 545 4014 virg.
574 3947 676 4014 Georg.
696 3947 717 4012 l,
744 3966 769 4016 p.
792 3951 851 4002 tto.
888 3949 974 4015 Atque
990 3947 1056 4003 hisee
1077 3948 1207 4003 haetenus.
1244 3945 1333 4000 Adda-

311 4063 367 4101 mus
385 4056 481 4101 cetera.
498 4068 536 4086 ·-
554 4047 608 4098 Pro
625 4046 739 4099 ieetiom
757 4044 833 4097 illios
851 4054 893 4099 st,
911 4061 988 4112 quum
1005 4047 1111 4101 redusit
1129 4046 1330 4107 Lsonusnsus,

310 4160 360 4208 ego
389 4160 447 4197 cum
473 4144 530 4197 aliis
557 4146 655 4212 probo:
683 4145 782 4198 illius
808 4161 832 4199 c.
874 4143 932 4201 Etsi
956 4148 1024 4205 onim
1050 4162 1097 4218 per
1118 4163 1149 4201 se
1166 4146 1262 4215 copule
1279 4160 1333 4200 nen
