3009 4725
580 424 766 491 TIBULLI.
872 489 874 492 ,
1112 451 1186 492 crur

157 592 191 655 in
222 590 461 657 Commentario
491 588 655 655 docuimus
686 593 832 658 conaulto
862 591 902 656 ad
932 614 1031 676 unum
1058 593 1184 657 titulum

159 707 300 790 praefixo
332 705 495 770 communi
519 706 709 788 pronomine
734 707 821 769 Haec
849 719 1048 786 revocatum,
1079 720 1115 771 ut
1142 708 1186 771 tic

160 836 339 907 opponatur
355 817 554 883 antecedenti
571 817 720 902 distich03
739 820 886 901 repetitio
902 822 1100 903 pronominis
1115 835 1186 883 ante

158 938 253 1020 tepido
282 936 425 997 turbaret
453 954 567 997 verum
595 954 733 995 aeneum.
786 930 881 1009 Quod
904 935 998 1015 igitur
1023 933 1188 998 Wunder·

160 1050 275 1111 lichiue
296 1049 368 1108 hoec
390 1045 540 1109 omissum
568 1057 673 1110 eenaet
700 1058 772 1107 ante
796 1048 906 1130 teprilo,
933 1048 969 1112 in
990 1067 1028 1110 eo
1052 1049 1188 1127 fallitur3

165 1160 228 1221 alio
257 1147 291 1219 in
319 1161 390 1221 loco
419 1156 517 1223 dividi
548 1173 655 1242 poaaet
686 1159 747 1222 hoc
776 1157 871 1222 modo
899 1156 1072 1238 distichon,
1103 1182 1188 1225 nunc

165 1283 272 1333 autem
292 1291 358 1333 non
376 1284 498 1354 potest,
522 1293 589 1335 non
608 1269 729 1338 debuit.
769 1271 852 1336 Vide
870 1294 955 1337 nunc
973 1275 1068 1338 alium
1084 1276 1188 1338 locum

161 1384 195 1465 1,
218 1393 248 1464 7,
267 1390 309 1445 29
327 1404 417 1468 sqq:

248 1499 373 1562 Primus
394 1511 499 1561 aratra
520 1518 617 1559 manu
642 1496 762 1561 sollerti
786 1495 857 1561 fecit
880 1493 980 1562 Osirin

289 1614 331 1677 Et
352 1627 495 1676 teneram
521 1613 608 1676 ferro
631 1611 809 1675 sollicitavit
828 1613 978 1691 humum,

250 1726 373 1788 Primus
395 1726 581 1809 inexpertae
602 1727 757 1789 commisit
776 1727 894 1788 nemina
914 1738 1016 1789 terroe

294 1841 456 1923 Pomaque
477 1861 542 1904 non
566 1840 650 1902 notio
671 1838 744 1920 legit
767 1841 806 1901 ab
830 1839 1009 1903 arboribus.

167 1951 231 2014 Hic
249 1972 310 2034 per
330 1973 364 2016 ee
385 1965 510 2035 poterat
530 1968 653 2036 quatter
672 1953 751 2036 poni
768 1958 892 2035 pomus,
917 1965 954 2014 ut
971 1954 997 2031 1,
1016 1959 1045 2033 9,
1063 1954 1191 2014 31-34.

167 2075 325 2149 quattuor
346 2067 390 2127 aic
412 2064 511 2130 diviaa
530 2068 671 2129 membra
693 2063 791 2129 rideo.
833 2062 895 2127 sed
914 2064 978 2126 illic
999 2077 1070 2146 apta
1088 2085 1139 2126 ree
1157 2065 1192 2125 iu

168 2178 389 2259 obiurgatione
409 2179 605 2259 gravissima,
626 2181 721 2259 vulgo
744 2189 863 2259 autem,
889 2179 946 2242 ubi
967 2181 1064 2240 multa
1084 2198 1193 2240 recen·

167 2304 291 2370 rentur,
323 2305 359 2354 ut
384 2314 470 2355 nunc
496 2289 725 2357 sunthirtdia
748 2291 875 2374 laudet,
905 2304 1043 2376 praestat
1072 2292 1192 2372 ringula

169 2407 284 2469 arctim
310 2407 496 2470 contrahere
519 2408 554 2469 in
576 2386 713 2470 unitates
740 2409 885 2471 maiores.
936 2406 987 2470 Sic
1015 2428 1096 2491 quae
1126 2406 1193 2469 allia

172 2520 205 2580 in
227 2522 302 2584 locia
328 2524 441 2586 lortius
468 2521 604 2603 disiungi
629 2536 761 2605 poscunt
785 2524 916 2606 repetita
940 2522 1118 2606 anaphora,
1149 2536 1195 2585 eet

174 2633 231 2693 ubi
262 2636 369 2698 melius
402 2635 634 2715 coniungantur
662 2638 787 2718 copula.
846 2635 935 2712 Quae
964 2658 1015 2699 ree
1043 2634 1193 2697 iudicium

173 2758 353 2810 accuratum
379 2752 528 2830 postulat.
580 2749 667 2811 Haec
696 2751 857 2811 hactenus.
879 2779 922 2794 -
973 2751 1119 2811 Postremo
1148 2744 1196 2808 di-

171 2862 300 2941 etinguo
328 2881 382 2923 cot
411 2863 512 2941 locon,
543 2865 601 2925 ubi
628 2862 759 2926 omnino
788 2882 853 2924 non
880 2860 951 2922 licet
979 2880 1038 2940 per
1063 2860 1195 2938 logicam
1290 2900 1295 2909 κ

169 2989 316 3059 repetere
338 2978 549 3059 anaphoram,
574 2998 646 3039 cum
667 2970 792 3039 diversa
812 2975 851 3039 ait
870 2974 952 3038 ratio
974 2974 1197 3069 membrorum,

172 3102 209 3152 ut
231 3090 265 3167 I,
284 3096 323 3167 2,
343 3096 396 3151 22.
420 3091 490 3153 loco
514 3109 611 3172 cupra
633 3091 746 3169 allato:

259 3204 318 3267 llla
337 3203 408 3268 rico
430 3223 537 3266 coram
563 3217 659 3265 nutrta
681 3203 823 3268 conferre
844 3201 991 3281 loquaces

299 3314 485 3399 Blandaque
508 3318 688 3400 compositio
716 3313 830 3376 abdere
854 3314 951 3376 verba
971 3306 1065 3372 notio.

173 3427 240 3488 Aut
266 3428 299 3503 l,
321 3436 356 3504 6,
377 3434 440 3490 22:

259 3539 333 3601 Neu
358 3554 388 3602 te
413 3539 549 3622 decipiat
575 3551 670 3614 nutu,
701 3536 861 3621 digitoque
887 3537 1043 3619 liquorem

303 3652 354 3714 Ne
378 3654 484 3716 trahat
508 3665 538 3714 et
564 3673 690 3715 mensae
717 3649 811 3714 ducat
835 3652 869 3713 in
894 3652 971 3711 orbe
997 3657 1104 3722 notae,

176 3763 231 3826 ubi
254 3786 321 3830 non
342 3768 546 3829 continuatur
565 3764 678 3829 dirieio
696 3786 806 3828 rerum
825 3767 924 3844 logica
944 3761 985 3826 ad
1006 3762 1118 3835 linem,
1147 3757 1200 3819 aed

177 3876 287 3940 ultimo
314 3880 460 3941 membro
484 3877 673 3942 antecedens
698 3879 853 3942 sententia
875 3877 943 3939 aliie
968 3873 1073 3939 uerbie
1096 3867 1202 3933 reddi-

176 4000 239 4051 tur.
288 3990 356 4053 1am
380 3988 519 4056 diximus
540 4004 693 4075 quantum
717 3990 792 4055 natio
811 3987 850 4052 de
873 3989 927 4063 hio¹
945 3987 1052 4049 rebua.
1095 3980 1203 4047 Redeo

177 4103 209 4162 in
236 4103 331 4167 viam.
372 4105 483 4197 Utitur
503 4106 663 4183 Tibullus,
684 4117 719 4168 ut
741 4103 822 4181 dixi,
847 4103 1008 4184 anaphora
1025 4100 1058 4169 in
1077 4097 1203 4163 divisio·
