3009 4725
457 395 642 473 TIBULLl
671 398 757 472 LlB.
778 401 835 478 lv.
856 419 882 475 8.
900 419 927 474 9.
1155 417 1204 490 93

479 707 765 775 GARMEN
813 709 903 778 V'ffl.

214 863 362 998 Invisus
388 919 511 996 natalis
539 922 652 1014 adest,
683 926 742 1027 qui
768 953 848 1002 rure
870 928 1013 1006 molesto

269 1054 315 1125 Et
340 1051 413 1124 sine
438 1051 598 1125 Cerinlho
623 1054 728 1129 tristis
757 1058 911 1154 agendus
935 1061 1006 1134 erit.

219 1180 366 1256 Dulcius
391 1178 476 1253 urbe
499 1180 582 1281 quid
606 1184 679 1257 ese?
719 1213 764 1258 an
789 1186 868 1261 villa
894 1189 939 1264 sit
966 1210 1044 1293 apta
1069 1196 1201 1297 puellae

264 1311 378 1412 Atque
397 1310 560 1390 Arretino
586 1310 734 1409 frigidus
760 1318 870 1391 amnis
893 1322 1001 1418 agro?

192 1441 310 1528 olam,
344 1437 488 1514 nimium
514 1440 665 1514 Messala
691 1444 758 1517 mei
781 1446 953 1539 studiose,
984 1451 1157 1551 quiescas,
1248 1445 1259 1469 ⁸

266 1568 346 1641 Non
371 1569 591 1670 tempestivae
617 1598 718 1671 saepe
744 1577 938 1677 propinque
963 1579 1045 1654 viae.

212 1695 278 1768 Hie
304 1695 454 1770 animum
482 1726 673 1800 sensusque
697 1728 791 1776 meos
814 1704 963 1779 abducta
988 1706 1163 1812 relinquo,

267 1823 420 1902 Asbierio
446 1828 610 1929 quoniam
632 1858 703 1905 non
729 1832 826 1920 sinis
840 1861 913 1908 esse
937 1863 1023 1915 meo.

493 2288 776 2358 CARMEN
822 2297 881 2361 IX.

210 2439 305 2571 Scis
326 2497 390 2571 iter
413 2501 591 2576 exanimo
618 2505 789 2582 sublatum
813 2512 906 2586 triste
927 2512 1087 2614 puellae?

264 2625 378 2700 Natali
402 2631 531 2706 Romae
555 2634 623 2709 iam
650 2635 726 2711 licet
753 2668 826 2713 esse
852 2669 925 2714 suo.

217 2754 390 2833 Omnibus
411 2759 468 2835 ille
491 2763 564 2838 dies
587 2767 690 2840 nobis
712 2768 835 2842 natalis
863 2786 1000 2868 agatur,

267 2887 339 2985 Qui
363 2918 427 2965 nee
454 2893 609 2994 opinanti
635 2925 728 2971 nune
757 2898 818 2973 tibi
842 2899 929 2973 sorte
955 2898 1053 2972 venit.

241 3172 274 3226 V.
286 3177 313 3227 4.
335 3175 452 3230 Aretioo
476 3179 544 3237 libri.
579 3180 690 3235 Bretina
710 3183 800 3242 Insui.
835 3183 951 3236 Reatino
971 3183 1140 3237 Eunomus.
1158 3207 1192 3221 -

169 3269 238 3322 Mox
251 3272 310 3329 libri
321 3275 377 3330 fere
392 3293 440 3331 am
448 3294 463 3332 n
471 3279 509 3345 is,
527 3282 617 3339 annis.
641 3285 730 3351 Vulgo
743 3302 832 3344 annus
845 3286 945 3339 incerto
958 3290 1073 3338 auctore.
1100 3279 1192 3335 Codex

169 3367 325 3424 uuonan
343 3376 439 3430 Amos
464 3379 539 3435 bene.

239 3498 273 3553 V.
284 3502 311 3553 8.
330 3500 417 3569 Vulgo
433 3502 557 3557 Arbitrei
570 3535 608 3548 -
621 3507 673 3561 mei
689 3508 723 3563 de
740 3510 889 3565 coniectura
906 3509 1030 3565 Hamus
1044 3538 1079 3551 -
1112 3526 1192 3577 (11¹⁰-

171 3595 258 3648 niem
280 3598 402 3653 Pucoms
427 3609 455 3656 et
479 3604 584 3659 eodleeo
606 3609 731 3663 nonnulli·
773 3609 876 3675 Ceteri,
901 3611 979 3665 etiam
1003 3611 1109 3681 optimi,
1134 3610 1193 3662 libri

168 3693 291 3761 quamvis
317 3703 345 3750 et
368 3714 428 3752 eum
452 3702 529 3757 Auno
554 3704 705 3760 Scamesu.

237 3818 308 3873 U.
332 3821 398 3875 iem
425 3822 568 3883 Cm.vnn.
592 3833 756 3886 nonestati.
793 3833 971 3900 Vulgonunc
989 3834 1023 3887 de
1043 3833 1192 3886 coniectura
1277 3922 1281 3933 Δ

165 3912 319 3972 Iunonum
334 3946 370 3959 -
406 3936 469 3975 mox
494 3932 543 3978 tuo
568 3926 636 3983 libri.
671 3946 733 3983 eno
757 3933 836 3999 vulgo
861 3948 895 3985 ex
916 3934 1008 3987 Auno.
1032 3944 1092 3983 suu.
1111 3931 1193 3995 1δοῖ,

165 4014 245 4065 1⁶1⁶.
265 4022 344 4069 reete.
359 4044 396 4056 -
424 4020 458 4074 V.
468 4026 495 4075 4.
512 4023 567 4077 iam
583 4042 631 4095 pro
649 4043 737 4082 nune
757 4030 858 4084 Vuunn
875 4029 996 4085 librarius
1011 4025 1080 4080 forto
1097 4025 1192 4089 intulit,

163 4116 193 4163 ut
213 4119 303 4166 monet
320 4115 524 4174 Lemannus.
