3009 4725
333 378 385 456 58
643 380 829 456 TlBULLI
861 382 947 462 ΜΒ.
967 384 1010 460 ll.
1027 400 1053 458 6.

332 579 368 636 15
376 559 467 636 Acer
489 559 616 653 Amor,
648 565 773 640 fractas
799 568 930 644 utinam
956 587 1014 644 tua
1040 569 1104 645 tela
1130 571 1292 669 sagittas,

423 692 460 765 si
487 691 581 783 licet,
616 696 779 771 extinctas
806 700 1037 801 aspiciamque
1063 701 1171 775 faces!

371 822 425 892 Tu
450 821 610 896 miserum
638 843 795 928 torques,
821 846 858 902 tu
883 857 941 903 me
966 830 1050 902 mihi
1076 830 1153 904 dira
1178 833 1310 932 precari

422 952 525 1050 Cogis
554 971 587 1027 et
612 954 731 1030 insana
759 975 870 1031 mente
894 958 1044 1033 nefanda
1070 959 1173 1060 loqui.

366 1081 438 1154 lam
463 1082 553 1156 mala
577 1082 727 1160 finissem
753 1085 838 1177 leto,
870 1088 930 1161 sed
957 1088 1096 1163 credula
1122 1090 1223 1163 vitam

328 1230 366 1285 20
423 1213 512 1313 Spes
537 1213 628 1288 fovet
653 1233 686 1289 et
711 1216 785 1290 lore
812 1245 888 1292 cras
913 1246 1049 1320 semper
1073 1219 1121 1293 ait
1145 1219 1275 1294 melius.

368 1341 455 1444 Spes
477 1341 536 1415 alit
561 1344 747 1441 agricolas,
784 1347 871 1448 Spes
897 1347 1000 1422 sulcis
1026 1349 1135 1423 credit
1157 1349 1259 1423 aratis

417 1472 572 1562 Semina,
602 1502 689 1574 quae
715 1504 841 1574 magno
869 1477 985 1551 fenore
1010 1477 1133 1552 reddat
1159 1481 1260 1576 ag'er:

367 1601 459 1675 Haec
482 1600 603 1703 laqueo
623 1603 788 1696 volucres,
811 1606 895 1680 haec
912 1625 1024 1707 captat
1043 1608 1211 1681 arundine
1227 1607 1349 1708 pisces,

421 1732 507 1805 Cum
534 1751 651 1808 tenues
678 1735 799 1809 hamos
825 1736 960 1810 abdidit
986 1753 1063 1810 ante
1086 1737 1202 1811 cibus:

326 1860 459 1961 258pes
483 1863 582 1936 etiam
607 1864 719 1940 valida
745 1864 876 1938 solatur
901 1866 1065 1966 compede
1091 1866 1241 1940 vinctum

418 1991 545 2087 (Crura
571 2013 696 2068 sonant
720 1994 829 2084 ferro,
860 1995 920 2069 sed
947 1996 1039 2069 cauit
1061 1997 1149 2069 inter
1174 1999 1296 2095 opus):

364 2118 450 2219 Spes
467 2121 601 2198 facilem
613 2123 784 2198 Nemesim
801 2123 949 2222 spondet
964 2123 1058 2208 mihi,
1084 2121 1145 2195 scd
1161 2141 1261 2218 negat
1280 2121 1345 2195 illa.

415 2251 480 2325 Hei
503 2251 607 2339 mihi,
640 2279 682 2322 nc
708 2251 839 2338 vincas,
870 2249 956 2322 dura
982 2248 1111 2349 puella,
1143 2250 1254 2336 deam,

369 2381 495 2468 Parce,
527 2406 590 2478 per
613 2378 793 2452 immatura
819 2397 896 2452 tuae
922 2406 1044 2479 precor
1069 2407 1148 2453 ossa
1173 2380 1319 2456 sororis:

324 2528 362 2583 30
420 2510 477 2583 Sic
503 2508 590 2582 bene
618 2507 683 2581 sub
710 2525 826 2582 tenera
851 2535 957 2608 parva
980 2508 1133 2610 quiescat
1157 2509 1272 2584 humo.

364 2638 427 2713 llla
452 2637 537 2712 mihi
560 2656 677 2712 sancta
703 2656 772 2728 est,
804 2637 895 2711 illius
921 2636 1013 2712 dona
1038 2638 1197 2739 sepulcro

419 2770 464 2843 Et
489 2768 680 2843 madefacta
703 2768 788 2843 meis
814 2785 902 2843 serta
927 2767 1034 2842 leram
1060 2767 1227 2859 lacrimis,

365 2897 460 2972 Illius
487 2898 532 2971 ad
557 2897 725 2972 tumulum
750 2897 881 2996 fugiam
908 2897 1118 3000 supplexque
1143 2899 1269 2973 sedebo

418 3030 462 3103 Et
484 3058 560 3104 mea
586 3057 664 3103 cum
689 3045 784 3102 muto
807 3028 876 3102 fata
903 3056 1029 3130 querar
1054 3028 1176 3102 cinere.

324 3161 446 3234 35Non
471 3160 556 3233 leret
581 3185 690 3260 usque
715 3185 816 3232 suum
842 3176 874 3231 te
900 3176 1042 3260 propter
1065 3157 1147 3232 llere
1173 3158 1345 3232 clientem:

412 3290 506 3365 Illius
532 3306 571 3363 ut
595 3288 726 3377 verbis,
760 3287 806 3362 sis
832 3288 917 3362 mihi
944 3288 1034 3363 lenta
1059 3307 1152 3377 veto,

397 3601 430 3654 V.
441 3604 484 3655 lo.
509 3602 546 3654 si
569 3602 672 3666 licet,
700 3600 770 3669 quod
794 3602 911 3654 firmetur
932 3599 1087 3652 auctoritato
1110 3595 1209 3649 codicis
1232 3596 1344 3648 Euom-

325 3714 435 3765 ouusts,
473 3700 574 3767 putavit
603 3701 654 3753 ium
680 3699 819 3754 Mnus-ros
849 3697 994 3766 tegendum.
1057 3695 1108 3750 Alii
1142 3695 1202 3748 libel
1233 3694 1345 3750 scilicet.

327 3800 413 3866 Vulgo
436 3797 510 3849 ilicet
533 3813 567 3851 ex
592 3815 643 3850 uno
668 3799 777 3863 codice,
806 3814 858 3864 quo
882 3813 932 3849 nou
956 3812 1032 3865 opus.
1051 3824 1089 3836 -
1133 3795 1167 3849 V.
1179 3798 1225 3848 20.
1251 3792 1346 3844 melius

325 3914 386 3950 cros
405 3897 471 3969 sore
495 3914 596 3966 semper
619 3896 676 3961 cit,
710 3899 792 3949 malos
820 3894 861 3949 hic
887 3895 951 3947 ordo
976 3896 1113 3949 verborum
1142 3909 1225 3962 nuper
1252 3894 1345 3944 iterum

325 4000 422 4067 placuit
440 4000 537 4050 vosoro
556 4004 582 4050 et
607 3997 722 4049 Baculo.
765 3997 819 4049 Sed
842 3995 901 4050 vide
923 3996 1097 4049 Hosoumun.
1134 3995 1229 4047 Verius
1247 3991 1348 4044 rident

323 4098 373 4147 ium
394 4096 531 4149 Heiutus.
