3009 4725
329 389 377 466 12
462 347 466 354 ’
641 388 826 465 rmuuu
860 392 1033 467 unua.

366 576 474 676 Quod
499 576 528 650 si
552 575 671 651 fatales
696 577 766 652 iam
791 607 884 654 nunc
910 578 1115 683 explevimus
1138 609 1265 680 annos,

417 708 486 781 Fae
514 705 601 807 lapis
627 707 801 809 inscriptis
827 727 892 783 stet
916 737 1020 812 super
1043 738 1120 786 ossa
1145 712 1244 786 notis.

325 834 454 908 suffic
480 834 567 909 iacet
591 835 701 911 inmiti
729 857 951 940 consumptus
977 855 1085 913 morte
1111 839 1312 930 Tibullus,'

414 962 600 1040 Messalam
622 982 713 1040 terra
739 966 822 1042 dum
848 967 1067 1070 sequiturque
1093 969 1198 1042 mari.'

362 1093 434 1169 Sed
458 1122 533 1183 me,
558 1095 653 1196 quod
677 1094 786 1171 facilis
813 1114 929 1172 tenero
954 1126 1030 1171 sum
1054 1127 1189 1200 semper
1212 1099 1343 1190 Amori,

407 1225 488 1325 Ipsa
512 1228 628 1299 Venus
655 1254 793 1327 campos
817 1227 918 1304 ducet
942 1228 979 1301 in
1003 1227 1149 1333 Elysios.

359 1354 425 1428 llic
446 1354 589 1428 choreae
607 1372 793 1457 cantusque
814 1357 939 1456 vigent,
962 1358 1157 1460 passimque
1182 1377 1341 1458 vagantes

319 1501 357 1556 60
413 1482 522 1558 Dulce
549 1502 674 1559 sonant
699 1485 792 1558 tenui
817 1503 953 1584 gutture
979 1515 1116 1562 carmen
1143 1515 1238 1578 aves,

356 1614 438 1691 Fert
462 1613 590 1689 casiam
615 1643 687 1689 non
712 1614 801 1689 culta
827 1643 942 1716 seges,
972 1634 1129 1719 totosque
1154 1645 1339 1720 peragens

405 1742 521 1818 Floret
543 1743 694 1819 odoratis
721 1761 812 1820 terra
836 1745 988 1846 benigna
1012 1747 1120 1822 rosis:

355 1872 403 1949 At
426 1874 587 1949 iuvenum
610 1874 715 1948 series
741 1876 866 1950 teneris
892 1877 1034 1951 inmixta
1058 1876 1181 1978 puellis

405 2003 527 2108 Ludit,
559 2021 593 2077 et
617 2003 755 2079 assidue
780 2005 910 2106 praelia
934 2006 1053 2080 miscet
1076 2005 1193 2079 Amor.

314 2130 431 2205 esltlic
458 2150 526 2222 est,
558 2132 749 2233 cuicunque
776 2162 881 2233 rapax
906 2161 999 2206 mors
1024 2132 1116 2205 venit
1140 2131 1281 2220 amanti,

403 2260 449 2336 Et
473 2261 560 2362 gerit
583 2261 711 2358 insigni
737 2277 868 2364 myrtea
892 2276 981 2332 serta
1008 2286 1120 2356 cuma..

350 2390 398 2465 At
422 2391 583 2466 scelerata
608 2390 695 2463 iacet
719 2388 818 2463 sedes
843 2389 880 2461 in
905 2406 1005 2462 nocte
1030 2386 1205 2488 profunda

400 2519 546 2608 Abdita,
577 2547 681 2620 quam
707 2518 835 2593 circum
861 2508 1003 2591 {lumina
1027 2517 1128 2617 nigra
1154 2534 1296 2592 sonant:

351 2650 608 2751 Tisiphoneque
633 2649 768 2751 impexa
796 2647 887 2723 seros
914 2675 980 2749 pro
1008 2644 1161 2721 crinibus
1188 2675 1316 2747 angues

311 2801 348 2857 70
406 2779 536 2869 Saevit,
569 2797 601 2853 et
626 2778 694 2853 hue
720 2777 801 2852 illuc
826 2778 931 2880 impia
957 2776 1060 2853 turba
1084 2776 1191 2876 sugit:

242 2992 248 3004 „
350 2912 455 2983 Tunc
480 2908 580 3008 niger
604 2907 641 2981 in
668 2924 768 3007 porta
793 2924 989 3007 serpentum
1014 2905 1182 2982 Cerberus
1207 2932 1267 2981 ore

397 3036 526 3111 Stridet
550 3054 583 3111 et
608 3054 737 3110 aeratas
764 3035 908 3110 excubat
933 3054 1010 3111 ante
1039 3036 1139 3112 fores.

347 3166 421 3243 Illic
449 3169 617 3241 Iunonem
646 3184 776 3241 tentare
804 3166 932 3241 Ixionis
962 3166 1037 3241 ausi

397 3301 586 3372 Versantur
615 3295 715 3371 celeri
743 3297 846 3371 noxia
873 3296 1026 3372 membra
1056 3314 1147 3385 rota,

378 3510 413 3565 V.
423 3513 467 3564 64.
486 3511 677 3579 Inscriptio.
710 3504 852 3565 Emendnri
871 3514 957 3578 potest
973 3504 1016 3558 nis
1032 3501 1154 3572 scriptis,
1177 3500 1221 3554 ubi
1239 3507 1325 3554 morou

306 3599 416 3668 scriptis
440 3599 630 3665 quodammodo
653 3614 886 3669 supervacaneum,
915 3604 960 3650 aut
983 3608 1042 3647 cunr
1066 3592 1227 3654 Faunum,
1254 3589 1325 3655 quod

306 3689 386 3754 n·uigo
413 3693 560 3755 receptum,
593 3686 636 3738 his
662 3687 790 3757 scriptus.
811 3715 846 3725 -
894 3686 928 3741 V.
945 3686 989 3734 58.
1017 3682 1050 3733 iu
1079 3679 1226 3744 Elysios
1252 3683 1326 3730 recte

306 3775 498 3833 Lsouunnnns
522 3792 561 3845 pr.
583 3774 634 3840 aci,
657 3777 690 3831 ci.
709 3779 900 3831 annotationem
918 3779 1030 3825 nostrum
1048 3768 1081 3822 nd
1100 3769 1217 3822 Donrru
1234 3766 1326 3821 Mansa

305 3864 398 3935 Epigr.
416 3867 442 3920 in
459 3867 510 3919 fine
528 3866 595 3919 libri.
614 3886 647 3905 -·
683 3867 717 3921 V.
728 3871 772 3921 63.
792 3871 833 3919 At
856 3870 935 3918 recte
970 3861 1028 3915 itali
1049 3858 1118 3923 Hic;
1135 3857 1183 3911 sed
1201 3873 1252 3910 non
1270 3855 1325 3925 pari

305 3954 365 4005 ioco
388 3970 447 4007 crim
469 3953 685 4007 antecedentibus
708 3955 814 4023 ponitur
837 3953 885 4006 troc
904 3949 1047 4016 distichon,
1073 3956 1103 3999 ut
1127 3948 1211 4015 repeti
1232 3946 1326 3997 debent
1390 3944 1393 3949 '

305 4043 365 4109 hie,
400 4044 468 4111 quod
494 4046 572 4109 vulgo
597 4044 707 4113 probant
732 4059 790 4098 cum
814 4044 1003 4096 Bnounnusro.
1060 4037 1133 4090 ltinle
1163 4038 1326 4103 comparetur

304 4135 445 4185 uiti-81.
464 4131 549 4184 tttic
567 4158 601 4172 ·-
620 4132 708 4185 tttte.
