3009 4725
518 441 673 506 Linus.
716 441 837 507 ELEG.
859 445 901 506 11.
1174 453 1213 507 57

196 631 268 686 Num
296 630 406 686 lortrssc
433 629 512 683 etism
538 627 572 682 de
597 643 639 682 me
665 628 734 690 bnis
752 629 812 683 telis
830 628 891 685 esti
925 629 986 699 Ipse
1004 633 1072 688 enlm
1090 645 1141 687 oon
1158 647 1215 687 ure-

195 732 265 786 nriol.
302 728 405 788 Quodsi
423 745 486 783 vero
506 735 546 782 est
563 735 591 782 et
609 728 673 782 vidit
689 728 739 782 hoc
756 729 857 798 aliquis,
871 735 1006 799 promptus
1024 744 1081 784 som
1099 731 1131 783 ed
1150 747 1213 800 sup-

194 829 368 898 plicationem.
387 850 423 870 -
452 828 608 880 incestus
636 824 660 878 b.
684 840 708 878 e.
734 826 882 895 improbus,
910 829 1053 896 scelestus,
1081 828 1150 897 quod
1179 829 1212 883 ed

193 927 278 997 ipsum
302 931 406 997 ruptum
432 931 560 979 sertorum
584 925 728 994 pertineat,
755 925 818 984 dicit
843 925 1093 983 Wouonunrourus.
1139 930 1214 983 Alius

193 1025 282 1078 melite
309 1039 360 1078 non
385 1037 450 1093 pure
472 1029 611 1090 casteque,
638 1022 766 1090 neglectis
783 1023 824 1089 lis,
841 1039 908 1091 quae
926 1025 1067 1081 observare
1085 1027 1213 1081 debebunt

194 1125 240 1192 qul
257 1124 355 1192 temple
372 1122 479 1176 deorum
497 1121 613 1189 odirent,
641 1124 675 1176 ci.
693 1139 718 1175 r.
738 1139 761 1176 c.
780 1122 815 1190 11,
833 1127 858 1189 1,
878 1127 911 1176 11
929 1140 986 1193 sqq.
1022 1125 1077 1181 Sed
1094 1123 1143 1180 boe
1160 1140 1213 1179 non

196 1222 310 1287 sufficit3
336 1223 450 1290 loquitur
466 1220 499 1275 de
517 1236 569 1274 nno
587 1226 711 1291 peceato,
735 1228 766 1274 ut
783 1222 898 1276 ostendit
915 1226 1009 1293 copule
1027 1242 1087 1296 qne·
1122 1226 1212 1282 Quare

194 1319 313 1372 incestus
331 1326 372 1373 est
388 1319 505 1388 improbe
523 1326 625 1384 mente,
650 1317 779 1371 meditans
796 1321 890 1374 melem
908 1336 972 1376 rem.
1014 1324 1068 1380 Qui
1085 1324 1211 1392 sunguine

195 1433 226 1470 ec
244 1418 323 1472 csede
341 1420 544 1472 contaminatum
565 1417 607 1472 bic
627 1419 832 1489 interpretentur
855 1420 996 1489 incauto,
1022 1438 1070 1477 nec
1088 1423 1212 1478 credibile

194 1516 220 1568 in
236 1516 341 1570 'libello
359 1516 483 1570 delictum
502 1521 617 1586 ponunt,
641 1531 690 1569 nec
708 1520 830 1585 reputent
846 1519 928 1571 meins
950 1521 1047 1574 crimen
1065 1535 1117 1574 non
1135 1536 1211 1590 posse

196 1621 258 1666 sote
270 1616 353 1667 minus
364 1615 500 1680 nominari,
519 1613 546 1667 id
565 1613 635 1681 quod
653 1628 722 1667 nunc
738 1612 837 1667 feceret
851 1621 937 1684 poete.
954 1642 981 1657 -
1003 1616 1210 1687 deripuisse,

194 1718 225 1766 ul
241 1714 346 1768 Pusur.
363 1713 434 1767 Rud.
454 1714 545 1780 111‚o,
563 1718 600 1768 δε
630 1712 661 1764 de
686 1729 738 1764 ora
763 1712 895 1782 deripere,
921 1714 1042 1768 laudante
1067 1717 1210 1770 Wonnnn-

195 1827 290 1866 nreuro
309 1818 336 1866 et
352 1814 511 1879 Hoscnno,
528 1815 574 1868 nbi
592 1815 666 1884 pluro
685 1813 751 1867 ride.
789 1815 889 1868 Dicitur
905 1815 1012 1869 verbius
1029 1816 1063 1870 de
1081 1833 1122 1883 eo,
1140 1818 1209 1884 quod

194 1910 350 1966 abstrahitur
366 1914 399 1967 eb
417 1915 503 1982 eliqos
520 1930 563 1981 re,
592 1922 620 1968 et
644 1915 803 1968 construitur
822 1930 846 1970 c.
864 1913 951 1969 dativo
976 1922 1022 1969 eut
1047 1934 1069 1971 c.
1089 1933 1208 1985 praepos.

193 2010 243 2068 ab,
260 2029 309 2068 ex,
328 2011 373 2069 ds,
397 2014 465 2068 coni.
483 2015 591 2066 Zoster.
610 2012 643 2066 cd
661 2013 746 2066 Cicer.
765 2014 866 2068 Verrio.
885 2030 911 2082 p.
929 2015 991 2068 254.
1027 2013 1063 2066 Et
1081 2016 1208 2082 repetitae

193 2114 389 2180 praepositionis
407 2116 527 2184 exemplu
553 2114 613 2168 vide
638 2131 679 2183 ep.
698 2115 844 2184 interpreti.
868 2113 901 2167 ed
921 2115 1062 2168 Pnorsnr.
1079 2114 1101 2180 1,
1119 2117 1146 2179 ³,
1163 2117 1207 2167 34.

192 2228 232 2281 ep.
252 2211 429 2267 Bnouorruus.
448 2213 516 2266 inire
534 2212 568 2264 ed
586 2212 608 2278 1,
625 2219 652 2279 5,
671 2215 713 2263 40.
733 2219 760 2265 et
779 2211 947 2266 Huscuuruu
963 2212 996 2265 cd
1014 2212 1047 2275 11,
1067 2217 1091 2279 1,
1108 2215 1152 2265 24.
1176 2235 1207 2252 -

192 2310 224 2362 V·
242 2315 286 2367 85.
304 2313 332 2368 sl
350 2315 474 2380 merul,
500 2315 526 2367 in
545 2314 638 2369 mulam
657 2319 773 2384 pectem,
791 2330 826 2368 ex
843 2329 900 2367 osu.
918 2315 1060 2369 Pronum.
1080 2314 1101 2381 l,
1119 2317 1164 2380 18,
1181 2316 1206 2365 9.

192 2411 274 2467 Ovio.
292 2413 358 2466 Met.
375 2413 411 2479 ll,
428 2417 491 2466 2⁴19.
517 2412 588 2465 Fosi.
610 2412 658 2477 1v‚
675 2417 737 2467 239.
769 2413 878 2467 Heroid.
897 2413 956 2479 Vll,
974 2417 1018 2466 ll.
1042 2428 1108 2482 quoe
1126 2412 1207 2466 Hur-

193 2523 257 2561 rrros
275 2503 363 2562 leudet
379 2509 446 2562 inire
462 2510 495 2562 ed
513 2510 548 2575 11,
567 2513 594 2577 4,
611 2513 638 2563 b.
659 2535 691 2552 ·-
718 2512 947 2580 procumbere
965 2514 1119 2582 templis,
1137 2511 1162 2567 lr.
1181 2528 1214 2590 e.¹

139 2634 150 2651 ο
193 2606 226 2661 od
244 2607 349 2676 temple.
385 2607 523 2676 Compsrst
541 2607 671 2662 Hsrnrus
689 2610 800 2662 Soneio.
819 2610 876 2663 Set.
895 2625 920 2660 v·
939 2613 988 2662 172
1006 2628 1094 2679 purae
1113 2628 1208 2664 rursus

188 2705 359 2778 procumbere
375 2706 506 2779 lymphae.
543 2709 589 2763 Sic
606 2711 748 2764 Pnorm.
767 2708 816 2773 lll,
832 2711 874 2771 11,
893 2710 924 2759 is
951 2705 1120 2761 advolvimur
1143 2710 1208 2763 aris.

189 2809 330 2862 Praeterea
347 2814 436 2862 notum
454 2806 555 2860 dicendi
574 2822 671 2875 genus,
689 2815 778 2858 terrae
795 2803 894 2869 sterni,
908 2804 1059 2872 prosterni,
1086 2822 1210 2873 procum-

190 2903 257 2963 bere,
283 2905 417 2976 deponere,
434 2904 530 2962 iacere,
548 2904 581 2958 de
600 2919 652 2972 quo
670 2903 721 2957 rid.
740 2903 833 2957 Burri.
851 2902 885 2956 ed
903 2901 979 2956 olid.
998 2902 1097 2955 Amorr.
1115 2903 1163 2969 111,
1181 2909 1208 2970 2,

189 3008 232 3059 25.
252 2984 279 3059 et
296 3004 455 3059 Wurrnnnr..
473 3005 507 3059 ed
527 3004 552 3059 h.
572 3006 658 3059 locum
678 3005 785 3060 Tibulli.
821 3004 894 3059 Adde
920 3000 977 3054 rivo
992 3000 1095 3072 fluenti
1119 2999 1205 3055 iacere

189 3106 272 3160 Vrec.
289 3104 384 3175 Eclog.
403 3106 475 3172 Vlll,
494 3110 556 3158 101.
579 3122 619 3176 pr.
637 3107 664 3159 in
682 3108 773 3160 rivum.
810 3104 850 3158 sd
868 3103 1018 3159 sententiam
1037 3101 1148 3167 denique
1175 3099 1208 3153 cl.

191 3205 316 3261 Luens‘r.
333 3206 366 3271 V,
386 3210 472 3259 1202:
500 3223 548 3256 nee
570 3203 742 3274 procumbere
765 3203 840 3257 humi
859 3210 1030 3274 prostratum
1046 3208 1075 3251 et
1089 3197 1207 3268 pandere

186 3302 295 3373 palmos
313 3314 376 3355 onte
395 3304 470 3356 eleum
489 3302 609 3357 delubra.
628 3334 662 3344 -
690 3306 777 3358 Porro
801 3311 889 3356 notum
917 3302 999 3354 (lere
1025 3300 1142 3352 oscula
1167 3299 1206 3351 li·
1257 3358 1261 3369 ³

189 3402 351 3468 minibus,
376 3404 408 3457 el.
427 3405 503 3458 ers.
522 3404 637 3459 Elector.
656 3406 692 3472 11,
709 3410 737 3460 6.
764 3404 892 3457 Ksurrus
919 3401 953 3453 de
976 3399 1083 3452 Osculis
1106 3399 1207 3454 dissert

188 3500 247 3566 vll,
264 3504 309 3552 23.
328 3528 364 3538 -
397 3504 559 3557 tellurem
582 3516 786 3571 perrepere,
812 3499 916 3553 humum
950 3504 1115 3569 perreptare,
1142 3500 1208 3553 ritus

188 3602 382 3669 superstitiosus
406 3601 439 3654 ed
464 3603 605 3672 placendos
627 3603 699 3658 deos.
744 3600 861 3655 Contulit
877 3601 1019 3653 Soterosn
1046 3600 1133 3656 loven.
1152 3599 1207 3651 Set.

189 3698 234 3763 Vl,
251 3705 313 3754 528.
341 3709 369 3753 et
393 3704 444 3754 elie
468 3719 502 3755 ex
526 3704 603 3759 Dion.
629 3704 730 3761 cessio.
776 3699 844 3755 vioe
870 3701 947 3753 etiem
972 3700 1075 3754 Sereno.
1094 3701 1128 3753 de
1153 3701 1205 3753 Vit.

188 3795 263 3847 besta
281 3815 304 3850 e.
324 3803 368 3855 2r.
404 3799 515 3854 Videtur
534 3818 576 3854 res
594 3817 628 3854 ex
647 3797 794 3870 peregrinis
810 3797 979 3865 religionibus
996 3797 1097 3864 liaustu,
1115 3812 1204 3862 quem-

187 3893 325 3951 admodum
350 3915 418 3965 ques
442 3902 530 3956 stetim
556 3903 660 3957 eliditur
680 3898 819 3970 percussio
842 3898 959 3968 copitis5
986 3904 1014 3950 et
1039 3897 1207 3965 procumbere

187 3996 247 4043 sole
264 3997 361 4063 temple
382 4004 410 4051 et
428 4001 540 4053 osculari
559 3984 647 4055 lintius
666 3997 802 4053 domestici
821 3998 900 4050 moris
919 3996 974 4048 luit.
994 4023 1029 4034 -
1048 3996 1206 4049 miserunt

186 4099 305 4159 ceput,
332 4099 476 4152 cruciatum
495 4102 592 4152 amoris
611 4114 700 4169 perum
718 4096 826 4153 secundi
844 4094 993 4159 doloribus,
1012 4091 1126 4162 epitheto
1145 4109 1205 4162 per·

185 4207 264 4245 sooee
283 4193 316 4247 sd
336 4204 437 4265 portem
454 4201 572 4269 corporis
591 4202 688 4266 relelo,
705 4202 736 4251 ut
753 4210 847 4267 saepe,
865 4190 898 4249 ci.
916 4192 949 4247 ed
968 4193 989 4259 l,
1011 4195 1034 4258 1,
1050 4193 1092 4245 so.
