<?xml version="1.0" encoding="UTF-8"?>
<!DOCTYPE html PUBLIC "-//W3C//DTD XHTML 1.0 Transitional//EN"
    "http://www.w3.org/TR/xhtml1/DTD/xhtml1-transitional.dtd">
<html xmlns="http://www.w3.org/1999/xhtml" xml:lang="en" lang="en">
 <head>
  <title>
</title>
<meta http-equiv="Content-Type" content="text/html;charset=utf-8" />
  <meta name='ocr-system' content='tesseract 3.04.00' />
  <meta name='ocr-capabilities' content='ocr_page ocr_carea ocr_par ocr_line ocrx_word'/>
</head>
<body>
  <div class='ocr_page' id='page_1' title='image "albiitibullicar00unkngoog_0568.png"; bbox 0 0 3009 4725; ppageno 0'>
   <div class='ocr_carea' id='block_1_1' title="bbox 300 252 1081 349">
    <p class='ocr_par' dir='ltr' id='par_1_1' title="bbox 300 252 1081 349">
     <span class='ocr_line' id='line_1_1' title="bbox 300 252 1081 349; baseline 0.009 -7"><span class='ocrx_word' id='word_1_1' title='bbox 300 289 362 342; x_wconf 77' lang='lat'><strong>232</strong></span> <span class='ocrx_word' id='word_1_2' title='bbox 537 281 818 347; x_wconf 63' lang='lat' dir='ltr'><strong>contammata.</strong></span> <span class='ocrx_word' id='word_1_3' title='bbox 841 285 886 347; x_wconf 82' lang='lat' dir='ltr'><strong>nv</strong></span> <span class='ocrx_word' id='word_1_4' title='bbox 908 252 1081 349; x_wconf 75' lang='lat' dir='ltr'><strong>amunta</strong></span> 
     </span>
    </p>
   </div>
   <div class='ocr_carea' id='block_1_2' title="bbox 240 457 1334 3931">
    <p class='ocr_par' dir='ltr' id='par_1_2' title="bbox 240 457 1334 3931">
     <span class='ocr_line' id='line_1_2' title="bbox 302 457 1322 533; baseline 0.012 -26"><span class='ocrx_word' id='word_1_5' title='bbox 302 457 433 520; x_wconf 63' lang='lat' dir='ltr'><strong>Ginaia„</strong></span> <span class='ocrx_word' id='word_1_6' title='bbox 460 463 486 510; x_wconf 86' lang='lat' dir='ltr'><strong>et</strong></span> <span class='ocrx_word' id='word_1_7' title='bbox 512 474 589 513; x_wconf 80' lang='lat' dir='ltr'><strong>socco</strong></span> <span class='ocrx_word' id='word_1_8' title='bbox 616 462 686 515; x_wconf 89' lang='lat' dir='ltr'><strong>luteo</strong></span> <span class='ocrx_word' id='word_1_9' title='bbox 711 462 778 514; x_wconf 88' lang='lat' dir='ltr'><strong>idom</strong></span> <span class='ocrx_word' id='word_1_10' title='bbox 803 465 884 516; x_wconf 90' lang='lat' dir='ltr'><strong>utitur</strong></span> <span class='ocrx_word' id='word_1_11' title='bbox 907 463 1030 517; x_wconf 75' lang='lat' dir='ltr'><strong>Cannar.</strong></span> <span class='ocrx_word' id='word_1_12' title='bbox 1051 462 1107 527; x_wconf 84' lang='lat' dir='ltr'><strong>LX,</strong></span> <span class='ocrx_word' id='word_1_13' title='bbox 1128 467 1185 529; x_wconf 89' lang='grc'>10.,</span> <span class='ocrx_word' id='word_1_14' title='bbox 1211 480 1322 533; x_wconf 74' lang='lat' dir='ltr'><strong>sponsae</strong></span> 
     </span>
     <span class='ocr_line' id='line_1_3' title="bbox 302 558 1322 628; baseline 0.009 -20"><span class='ocrx_word' id='word_1_15' title='bbox 302 572 364 609; x_wconf 83' lang='lat' dir='ltr'><strong>vero</strong></span> <span class='ocrx_word' id='word_1_16' title='bbox 383 558 528 614; x_wconf 85' lang='lat' dir='ltr'><strong>flammeum</strong></span> <span class='ocrx_word' id='word_1_17' title='bbox 546 562 681 627; x_wconf 74' lang='lat' dir='ltr'>gerebant.</span> <span class='ocrx_word' id='word_1_18' title='bbox 718 564 794 618; x_wconf 81' lang='lat' dir='ltr'><strong>Adde</strong></span> <span class='ocrx_word' id='word_1_19' title='bbox 814 567 894 619; x_wconf 73' lang='lat' dir='ltr'><strong>Parra.</strong></span> <span class='ocrx_word' id='word_1_20' title='bbox 913 565 987 628; x_wconf 80' lang='lat' dir='ltr'><strong>xxi,</strong></span> <span class='ocrx_word' id='word_1_21' title='bbox 1003 568 1029 615; x_wconf 85' lang='grc'><strong>8,</strong></span> <span class='ocrx_word' id='word_1_22' title='bbox 1048 591 1083 603; x_wconf 89' lang='lat'><strong>·-</strong></span> <span class='ocrx_word' id='word_1_23' title='bbox 1111 562 1165 614; x_wconf 87' lang='lat' dir='ltr'><strong>Sed</strong></span> <span class='ocrx_word' id='word_1_24' title='bbox 1186 562 1322 617; x_wconf 83' lang='lat' dir='ltr'><strong>dicendum</strong></span> 
     </span>
     <span class='ocr_line' id='line_1_4' title="bbox 302 657 1322 733; baseline 0.01 -25"><span class='ocrx_word' id='word_1_25' title='bbox 302 674 370 710; x_wconf 90' lang='lat' dir='ltr'><strong>nuno</strong></span> <span class='ocrx_word' id='word_1_26' title='bbox 396 658 429 711; x_wconf 90' lang='lat' dir='ltr'><strong>de</strong></span> <span class='ocrx_word' id='word_1_27' title='bbox 454 657 631 729; x_wconf 74' lang='lat' dir='ltr'><strong>phantasmate</strong></span> <span class='ocrx_word' id='word_1_28' title='bbox 656 665 722 733; x_wconf 85' lang='lat' dir='ltr'><strong>ipso.</strong></span> <span class='ocrx_word' id='word_1_29' title='bbox 759 666 908 718; x_wconf 84' lang='lat' dir='ltr'><strong>Secundum</strong></span> <span class='ocrx_word' id='word_1_30' title='bbox 936 668 1056 718; x_wconf 83' lang='lat' dir='ltr'><strong>Vossrun</strong></span> <span class='ocrx_word' id='word_1_31' title='bbox 1081 663 1170 716; x_wconf 87' lang='lat' dir='ltr'><strong>aderat</strong></span> <span class='ocrx_word' id='word_1_32' title='bbox 1194 664 1219 715; x_wconf 91' lang='lat' dir='ltr'><strong>in</strong></span> <span class='ocrx_word' id='word_1_33' title='bbox 1243 665 1322 718; x_wconf 90' lang='lat' dir='ltr'><strong>domo</strong></span> 
     </span>
     <span class='ocr_line' id='line_1_5' title="bbox 303 757 1321 829; baseline 0.006 -20"><span class='ocrx_word' id='word_1_34' title='bbox 303 757 418 810; x_wconf 74' lang='lat' dir='ltr'><strong>cerinthi</strong></span> <span class='ocrx_word' id='word_1_35' title='bbox 436 775 517 828; x_wconf 83' lang='lat' dir='ltr'>prope</span> <span class='ocrx_word' id='word_1_36' title='bbox 532 763 609 814; x_wconf 87' lang='lat' dir='ltr'><strong>Genii</strong></span> <span class='ocrx_word' id='word_1_37' title='bbox 628 763 731 829; x_wconf 78' lang='lat' dir='ltr'><strong>rignum</strong></span> <span class='ocrx_word' id='word_1_38' title='bbox 751 764 854 815; x_wconf 76' lang='lat' dir='ltr'><strong>Amoris</strong></span> <span class='ocrx_word' id='word_1_39' title='bbox 874 763 982 815; x_wconf 79' lang='lat' dir='ltr'><strong>volantia</strong></span> <span class='ocrx_word' id='word_1_40' title='bbox 1000 763 1173 824; x_wconf 81' lang='lat' dir='ltr'>simulacrum,</span> <span class='ocrx_word' id='word_1_41' title='bbox 1191 763 1321 815; x_wconf 87' lang='lat' dir='ltr'><strong>vinculum</strong></span> 
     </span>
     <span class='ocr_line' id='line_1_6' title="bbox 302 858 1319 931; baseline 0.006 -23"><span class='ocrx_word' id='word_1_42' title='bbox 302 858 394 909; x_wconf 79' lang='lat' dir='ltr'><strong>ssavum</strong></span> <span class='ocrx_word' id='word_1_43' title='bbox 413 874 516 925; x_wconf 79' lang='lat' dir='ltr'><strong>gerens.</strong></span> <span class='ocrx_word' id='word_1_44' title='bbox 553 864 588 914; x_wconf 79' lang='lat' dir='ltr'><strong>ht</strong></span> <span class='ocrx_word' id='word_1_45' title='bbox 608 863 675 915; x_wconf 89' lang='lat' dir='ltr'><strong>enim</strong></span> <span class='ocrx_word' id='word_1_46' title='bbox 700 865 808 931; x_wconf 87' lang='lat' dir='ltr'><strong>priunum</strong></span> <span class='ocrx_word' id='word_1_47' title='bbox 835 863 945 930; x_wconf 79' lang='lat' dir='ltr'>permira</span> <span class='ocrx_word' id='word_1_48' title='bbox 964 868 1004 912; x_wconf 88' lang='lat' dir='ltr'><strong>est</strong></span> <span class='ocrx_word' id='word_1_49' title='bbox 1022 860 1176 927; x_wconf 74' lang='lat' dir='ltr'><strong>compositio</strong></span> <span class='ocrx_word' id='word_1_50' title='bbox 1195 861 1273 911; x_wconf 79' lang='lat' dir='ltr'><strong>Gerrii</strong></span> <span class='ocrx_word' id='word_1_51' title='bbox 1291 869 1319 914; x_wconf 89' lang='lat' dir='ltr'><strong>et</strong></span> 
     </span>
     <span class='ocr_line' id='line_1_7' title="bbox 302 951 1320 1028; baseline 0.006 -21"><span class='ocrx_word' id='word_1_52' title='bbox 302 958 404 1010; x_wconf 74' lang='lat' dir='ltr'><strong>Amoris</strong></span> <span class='ocrx_word' id='word_1_53' title='bbox 422 959 456 1011; x_wconf 87' lang='lat' dir='ltr'><strong>ad</strong></span> <span class='ocrx_word' id='word_1_54' title='bbox 475 959 575 1028; x_wconf 84' lang='lat' dir='ltr'><strong>locum,</strong></span> <span class='ocrx_word' id='word_1_55' title='bbox 603 964 705 1028; x_wconf 86' lang='lat' dir='ltr'><strong>qualern</strong></span> <span class='ocrx_word' id='word_1_56' title='bbox 725 963 767 1014; x_wconf 84' lang='lat' dir='ltr'><strong>vix</strong></span> <span class='ocrx_word' id='word_1_57' title='bbox 793 960 896 1013; x_wconf 85' lang='lat' dir='ltr'><strong>aliunde</strong></span> <span class='ocrx_word' id='word_1_58' title='bbox 921 951 1087 1028; x_wconf 77' lang='lat' dir='ltr'><strong>probaveris,</strong></span> <span class='ocrx_word' id='word_1_59' title='bbox 1114 958 1208 1011; x_wconf 85' lang='lat' dir='ltr'><strong>deinde</strong></span> <span class='ocrx_word' id='word_1_60' title='bbox 1226 961 1320 1013; x_wconf 71' lang='lat' dir='ltr'><strong>ominis</strong></span> 
     </span>
     <span class='ocr_line' id='line_1_8' title="bbox 301 1059 1320 1129; baseline 0.004 -19"><span class='ocrx_word' id='word_1_61' title='bbox 301 1059 373 1111; x_wconf 90' lang='lat' dir='ltr'><strong>notio</strong></span> <span class='ocrx_word' id='word_1_62' title='bbox 392 1063 519 1129; x_wconf 81' lang='lat' dir='ltr'><strong>postulat,</strong></span> <span class='ocrx_word' id='word_1_63' title='bbox 546 1070 572 1114; x_wconf 92' lang='lat' dir='ltr'><strong>ut</strong></span> <span class='ocrx_word' id='word_1_64' title='bbox 592 1062 686 1128; x_wconf 88' lang='lat' dir='ltr'><strong>aliquid</strong></span> <span class='ocrx_word' id='word_1_65' title='bbox 706 1077 772 1113; x_wconf 87' lang='lat' dir='ltr'><strong>nuno</strong></span> <span class='ocrx_word' id='word_1_66' title='bbox 791 1062 850 1125; x_wconf 83' lang='lat' dir='ltr'><strong>fiat3</strong></span> <span class='ocrx_word' id='word_1_67' title='bbox 878 1076 946 1114; x_wconf 85' lang='lat' dir='ltr'><strong>nunc</strong></span> <span class='ocrx_word' id='word_1_68' title='bbox 969 1067 1056 1114; x_wconf 86' lang='lat' dir='ltr'><strong>antem</strong></span> <span class='ocrx_word' id='word_1_69' title='bbox 1082 1059 1132 1113; x_wconf 86' lang='lat' dir='ltr'><strong>hoe</strong></span> <span class='ocrx_word' id='word_1_70' title='bbox 1150 1061 1251 1128; x_wconf 78' lang='lat' dir='ltr'><strong>rignum</strong></span> <span class='ocrx_word' id='word_1_71' title='bbox 1269 1062 1320 1114; x_wconf 88' lang='lat' dir='ltr'><strong>iarn</strong></span> 
     </span>
     <span class='ocr_line' id='line_1_9' title="bbox 301 1160 1321 1230; baseline 0.005 -19"><span class='ocrx_word' id='word_1_72' title='bbox 301 1165 361 1212; x_wconf 86' lang='lat' dir='ltr'><strong>ante</strong></span> <span class='ocrx_word' id='word_1_73' title='bbox 385 1164 459 1214; x_wconf 80' lang='lat' dir='ltr'><strong>stetit</strong></span> <span class='ocrx_word' id='word_1_74' title='bbox 483 1163 531 1214; x_wconf 86' lang='lat' dir='ltr'><strong>isto</strong></span> <span class='ocrx_word' id='word_1_75' title='bbox 555 1160 641 1214; x_wconf 90' lang='lat' dir='ltr'><strong>habitu</strong></span> <span class='ocrx_word' id='word_1_76' title='bbox 669 1161 701 1214; x_wconf 86' lang='lat' dir='ltr'><strong>ad</strong></span> <span class='ocrx_word' id='word_1_77' title='bbox 720 1161 814 1214; x_wconf 85' lang='lat' dir='ltr'><strong>locam.</strong></span> <span class='ocrx_word' id='word_1_78' title='bbox 851 1160 892 1215; x_wconf 89' lang='lat' dir='ltr'><strong>Ne</strong></span> <span class='ocrx_word' id='word_1_79' title='bbox 912 1164 1007 1226; x_wconf 84' lang='lat' dir='ltr'><strong>muita3</strong></span> <span class='ocrx_word' id='word_1_80' title='bbox 1035 1168 1091 1216; x_wconf 86' lang='lat' dir='ltr'><strong>tota</strong></span> <span class='ocrx_word' id='word_1_81' title='bbox 1110 1178 1152 1216; x_wconf 84' lang='lat' dir='ltr'><strong>res</strong></span> <span class='ocrx_word' id='word_1_82' title='bbox 1171 1164 1321 1230; x_wconf 74' lang='lat' dir='ltr'><strong>cattinum,</strong></span> 
     </span>
     <span class='ocr_line' id='line_1_10' title="bbox 302 1261 1322 1335; baseline 0.004 -23"><span class='ocrx_word' id='word_1_83' title='bbox 302 1261 449 1330; x_wconf 73' lang='lat' dir='ltr'><strong>phantasma</strong></span> <span class='ocrx_word' id='word_1_84' title='bbox 468 1270 578 1330; x_wconf 84' lang='lat' dir='ltr'><strong>poetae,</strong></span> <span class='ocrx_word' id='word_1_85' title='bbox 595 1264 675 1316; x_wconf 87' lang='lat' dir='ltr'><strong>veluti</strong></span> <span class='ocrx_word' id='word_1_86' title='bbox 694 1279 773 1330; x_wconf 79' lang='lat' dir='ltr'><strong>snpra</strong></span> <span class='ocrx_word' id='word_1_87' title='bbox 791 1264 814 1328; x_wconf 84' lang='lat' dir='ltr'><strong>i,</strong></span> <span class='ocrx_word' id='word_1_88' title='bbox 832 1268 859 1328; x_wconf 82' lang='lat'><strong>5,</strong></span> <span class='ocrx_word' id='word_1_89' title='bbox 877 1269 922 1318; x_wconf 78' lang='lat' dir='ltr'><strong>at.</strong></span> <span class='ocrx_word' id='word_1_90' title='bbox 942 1264 1061 1317; x_wconf 81' lang='lat' dir='ltr'><strong>dicebat:</strong></span> <span class='ocrx_word' id='word_1_91' title='bbox 1081 1264 1130 1314; x_wconf 78' lang='lat' dir='ltr'><strong>dat</strong></span> <span class='ocrx_word' id='word_1_92' title='bbox 1148 1264 1226 1335; x_wconf 78' lang='lat' dir='ltr'><strong>aigne</strong></span> <span class='ocrx_word' id='word_1_93' title='bbox 1248 1265 1322 1317; x_wconf 80' lang='lat' dir='ltr'><strong>dena.</strong></span> 
     </span>
     <span class='ocr_line' id='line_1_11' title="bbox 302 1364 1323 1428; baseline -0.001 -12"><span class='ocrx_word' id='word_1_94' title='bbox 302 1364 379 1416; x_wconf 84' lang='lat' dir='ltr'><strong>Gerit</strong></span> <span class='ocrx_word' id='word_1_95' title='bbox 395 1370 482 1416; x_wconf 86' lang='lat' dir='ltr'><strong>antem</strong></span> <span class='ocrx_word' id='word_1_96' title='bbox 500 1379 567 1417; x_wconf 86' lang='lat' dir='ltr'><strong>nunc</strong></span> <span class='ocrx_word' id='word_1_97' title='bbox 586 1366 668 1417; x_wconf 80' lang='lat' dir='ltr'><strong>Amor</strong></span> <span class='ocrx_word' id='word_1_98' title='bbox 686 1365 797 1416; x_wconf 84' lang='lat' dir='ltr'><strong>taeniam</strong></span> <span class='ocrx_word' id='word_1_99' title='bbox 817 1366 924 1428; x_wconf 80' lang='lat' dir='ltr'><strong>havam3</strong></span> <span class='ocrx_word' id='word_1_100' title='bbox 952 1381 1009 1416; x_wconf 85' lang='lat' dir='ltr'><strong>raam</strong></span> <span class='ocrx_word' id='word_1_101' title='bbox 1036 1367 1148 1417; x_wconf 87' lang='lat' dir='ltr'><strong>taeniam</strong></span> <span class='ocrx_word' id='word_1_102' title='bbox 1167 1366 1243 1416; x_wconf 85' lang='lat' dir='ltr'><strong>etiam</strong></span> <span class='ocrx_word' id='word_1_103' title='bbox 1263 1380 1323 1415; x_wconf 88' lang='lat' dir='ltr'><strong>ero·</strong></span> 
     </span>
     <span class='ocr_line' id='line_1_12' title="bbox 302 1462 1323 1534; baseline 0.004 -21"><span class='ocrx_word' id='word_1_104' title='bbox 302 1463 381 1514; x_wconf 87' lang='lat' dir='ltr'><strong>ticum</strong></span> <span class='ocrx_word' id='word_1_105' title='bbox 399 1462 478 1515; x_wconf 78' lang='lat' dir='ltr'><strong>suisne</strong></span> <span class='ocrx_word' id='word_1_106' title='bbox 498 1471 675 1517; x_wconf 77' lang='lat' dir='ltr'><strong>ornamentum</strong></span> <span class='ocrx_word' id='word_1_107' title='bbox 694 1465 784 1517; x_wconf 88' lang='lat' dir='ltr'><strong>docuit</strong></span> <span class='ocrx_word' id='word_1_108' title='bbox 803 1467 980 1518; x_wconf 76' lang='lat' dir='ltr'><strong>ilaaennnns</strong></span> <span class='ocrx_word' id='word_1_109' title='bbox 999 1467 1025 1518; x_wconf 93' lang='lat' dir='ltr'><strong>in</strong></span> <span class='ocrx_word' id='word_1_110' title='bbox 1042 1463 1226 1534; x_wconf 83' lang='lat' dir='ltr'><strong>Ephemeridd.</strong></span> <span class='ocrx_word' id='word_1_111' title='bbox 1245 1464 1323 1517; x_wconf 80' lang='lat' dir='ltr'><strong>acho-</strong></span> 
     </span>
     <span class='ocr_line' id='line_1_13' title="bbox 305 1561 1324 1631; baseline 0.002 -19"><span class='ocrx_word' id='word_1_112' title='bbox 305 1563 402 1615; x_wconf 82' lang='lat' dir='ltr'><strong>laatiee.</strong></span> <span class='ocrx_word' id='word_1_113' title='bbox 422 1561 580 1616; x_wconf 81' lang='lat' dir='ltr'><strong>Darnastadt.</strong></span> <span class='ocrx_word' id='word_1_114' title='bbox 603 1567 681 1616; x_wconf 80' lang='grc'><strong>1831.</strong></span> <span class='ocrx_word' id='word_1_115' title='bbox 699 1564 771 1616; x_wconf 87' lang='lat' dir='ltr'><strong>Part.</strong></span> <span class='ocrx_word' id='word_1_116' title='bbox 788 1563 821 1615; x_wconf 90' lang='lat' dir='ltr'><strong>ll.</strong></span> <span class='ocrx_word' id='word_1_117' title='bbox 843 1580 882 1616; x_wconf 85' lang='lat' dir='ltr'><strong>ur.</strong></span> <span class='ocrx_word' id='word_1_118' title='bbox 893 1568 937 1616; x_wconf 75' lang='lat'><strong>84.</strong></span> <span class='ocrx_word' id='word_1_119' title='bbox 975 1563 1011 1615; x_wconf 87' lang='lat' dir='ltr'><strong>Et</strong></span> <span class='ocrx_word' id='word_1_120' title='bbox 1029 1564 1117 1631; x_wconf 86' lang='lat' dir='ltr'><strong>quidni</strong></span> <span class='ocrx_word' id='word_1_121' title='bbox 1136 1565 1211 1615; x_wconf 88' lang='lat' dir='ltr'><strong>simui</strong></span> <span class='ocrx_word' id='word_1_122' title='bbox 1229 1563 1324 1631; x_wconf 83' lang='lat' dir='ltr'><strong>strepi-</strong></span> 
     </span>
     <span class='ocr_line' id='line_1_14' title="bbox 303 1662 1324 1724; baseline -0.001 -12"><span class='ocrx_word' id='word_1_123' title='bbox 303 1667 358 1713; x_wconf 85' lang='lat' dir='ltr'><strong>tum</strong></span> <span class='ocrx_word' id='word_1_124' title='bbox 377 1662 426 1714; x_wconf 80' lang='lat' dir='ltr'><strong>nibi</strong></span> <span class='ocrx_word' id='word_1_125' title='bbox 444 1662 513 1713; x_wconf 81' lang='lat' dir='ltr'><strong>visus</strong></span> <span class='ocrx_word' id='word_1_126' title='bbox 530 1664 565 1714; x_wconf 82' lang='lat' dir='ltr'><strong>sit</strong></span> <span class='ocrx_word' id='word_1_127' title='bbox 585 1662 675 1714; x_wconf 88' lang='lat' dir='ltr'><strong>audire</strong></span> <span class='ocrx_word' id='word_1_128' title='bbox 695 1664 822 1724; x_wconf 81' lang='lat' dir='ltr'><strong>volantis,</strong></span> <span class='ocrx_word' id='word_1_129' title='bbox 851 1664 929 1715; x_wconf 84' lang='lat' dir='ltr'><strong>veluti</strong></span> <span class='ocrx_word' id='word_1_130' title='bbox 957 1664 1080 1716; x_wconf 81' lang='lat' dir='ltr'><strong>Canuau.</strong></span> <span class='ocrx_word' id='word_1_131' title='bbox 1099 1663 1182 1717; x_wconf 82' lang='lat' dir='ltr'>XLV.</span> <span class='ocrx_word' id='word_1_132' title='bbox 1206 1663 1324 1713; x_wconf 76' lang='lat' dir='ltr'><strong>sternuit</strong></span> 
     </span>
     <span class='ocr_line' id='line_1_15' title="bbox 303 1759 1324 1830; baseline -0.001 -17"><span class='ocrx_word' id='word_1_133' title='bbox 303 1759 410 1813; x_wconf 75' lang='lat' dir='ltr'><strong>Arrrnr?</strong></span> <span class='ocrx_word' id='word_1_134' title='bbox 445 1762 504 1814; x_wconf 88' lang='lat' dir='ltr'><strong>Nou</strong></span> <span class='ocrx_word' id='word_1_135' title='bbox 523 1761 638 1814; x_wconf 76' lang='lat' dir='ltr'><strong>obstabit</strong></span> <span class='ocrx_word' id='word_1_136' title='bbox 655 1761 733 1811; x_wconf 80' lang='lat' dir='ltr'><strong>videa</strong></span> <span class='ocrx_word' id='word_1_137' title='bbox 753 1770 802 1816; x_wconf 81' lang='lat' dir='ltr'><strong>at,</strong></span> <span class='ocrx_word' id='word_1_138' title='bbox 830 1762 898 1828; x_wconf 89' lang='lat' dir='ltr'><strong>qnod</strong></span> <span class='ocrx_word' id='word_1_139' title='bbox 919 1761 952 1813; x_wconf 91' lang='lat' dir='ltr'><strong>ad</strong></span> <span class='ocrx_word' id='word_1_140' title='bbox 972 1768 1054 1814; x_wconf 91' lang='lat' dir='ltr'><strong>totum</strong></span> <span class='ocrx_word' id='word_1_141' title='bbox 1074 1760 1222 1830; x_wconf 79' lang='lat' dir='ltr'><strong>phantasma</strong></span> <span class='ocrx_word' id='word_1_142' title='bbox 1241 1761 1324 1812; x_wconf 85' lang='lat' dir='ltr'><strong>reler-</strong></span> 
     </span>
     <span class='ocr_line' id='line_1_16' title="bbox 304 1862 1325 1926; baseline -0.004 -11"><span class='ocrx_word' id='word_1_143' title='bbox 304 1871 353 1915; x_wconf 85' lang='lat' dir='ltr'><strong>tur.</strong></span> <span class='ocrx_word' id='word_1_144' title='bbox 373 1891 406 1904; x_wconf 92' lang='lat'><em>-</em></span> <span class='ocrx_word' id='word_1_145' title='bbox 426 1864 458 1918; x_wconf 82' lang='lat' dir='ltr'><strong>V·</strong></span> <span class='ocrx_word' id='word_1_146' title='bbox 477 1866 521 1917; x_wconf 78' lang='lat'><strong>21.</strong></span> <span class='ocrx_word' id='word_1_147' title='bbox 539 1866 584 1917; x_wconf 74' lang='lat'><strong>22.</strong></span> <span class='ocrx_word' id='word_1_148' title='bbox 621 1863 688 1915; x_wconf 85' lang='lat' dir='ltr'><strong>Cum</strong></span> <span class='ocrx_word' id='word_1_149' title='bbox 706 1864 732 1915; x_wconf 83' lang='lat' dir='ltr'><strong>ln</strong></span> <span class='ocrx_word' id='word_1_150' title='bbox 752 1863 824 1915; x_wconf 81' lang='lat' dir='ltr'><strong>tibris</strong></span> <span class='ocrx_word' id='word_1_151' title='bbox 843 1862 878 1916; x_wconf 84' lang='lat' dir='ltr'><strong>sit</strong></span> <span class='ocrx_word' id='word_1_152' title='bbox 896 1862 954 1926; x_wconf 81' lang='lat' dir='ltr'><strong>iric,</strong></span> <span class='ocrx_word' id='word_1_153' title='bbox 973 1863 1041 1919; x_wconf 85' lang='lat' dir='ltr'><strong>huc,</strong></span> <span class='ocrx_word' id='word_1_154' title='bbox 1059 1862 1141 1919; x_wconf 77' lang='lat' dir='ltr'><strong>haec,</strong></span> <span class='ocrx_word' id='word_1_155' title='bbox 1162 1871 1214 1915; x_wconf 84' lang='lat' dir='ltr'><strong>tum</strong></span> <span class='ocrx_word' id='word_1_156' title='bbox 1233 1862 1325 1913; x_wconf 72' lang='lat' dir='ltr'><strong>veniet</strong></span> 
     </span>
     <span class='ocr_line' id='line_1_17' title="bbox 305 1959 1323 2016; baseline -0.003 -4"><span class='ocrx_word' id='word_1_157' title='bbox 305 1961 346 2014; x_wconf 87' lang='lat' dir='ltr'><strong>vel</strong></span> <span class='ocrx_word' id='word_1_158' title='bbox 368 1962 453 2012; x_wconf 81' lang='lat' dir='ltr'><strong>veniet</strong></span> <span class='ocrx_word' id='word_1_159' title='bbox 472 1968 499 2014; x_wconf 86' lang='lat' dir='ltr'><strong>et</strong></span> <span class='ocrx_word' id='word_1_160' title='bbox 518 1960 593 2016; x_wconf 61' lang='lat' dir='ltr'><strong>arrio,</strong></span> <span class='ocrx_word' id='word_1_161' title='bbox 613 1960 807 2014; x_wconf 59' lang='lat' dir='ltr'><strong>lanonnannus</strong></span> <span class='ocrx_word' id='word_1_162' title='bbox 826 1959 923 2013; x_wconf 82' lang='lat' dir='ltr'><strong>edidit:</strong></span> <span class='ocrx_word' id='word_1_163' title='bbox 943 1959 998 2010; x_wconf 84' lang='lat' dir='ltr'><strong>Hic</strong></span> <span class='ocrx_word' id='word_1_164' title='bbox 1016 1961 1107 2012; x_wconf 72' lang='lat' dir='ltr'><strong>veniat</strong></span> <span class='ocrx_word' id='word_1_165' title='bbox 1126 1961 1238 2011; x_wconf 80' lang='lat' dir='ltr'><strong>Natalis</strong></span> <span class='ocrx_word' id='word_1_166' title='bbox 1256 1961 1323 2016; x_wconf 79' lang='lat' dir='ltr'><strong>avie,</strong></span> 
     </span>
     <span class='ocr_line' id='line_1_18' title="bbox 305 2060 1326 2130; baseline -0.002 -17"><span class='ocrx_word' id='word_1_167' title='bbox 305 2076 456 2130; x_wconf 81' lang='lat' dir='ltr'><strong>comparans</strong></span> <span class='ocrx_word' id='word_1_168' title='bbox 482 2063 609 2114; x_wconf 79' lang='lat' dir='ltr'><strong>Anauon.</strong></span> <span class='ocrx_word' id='word_1_169' title='bbox 634 2060 704 2113; x_wconf 82' lang='lat' dir='ltr'><strong>Lan.</strong></span> <span class='ocrx_word' id='word_1_170' title='bbox 730 2060 778 2124; x_wconf 83' lang='lat' dir='ltr'><strong>Ill,</strong></span> <span class='ocrx_word' id='word_1_171' title='bbox 806 2065 869 2126; x_wconf 76' lang='lat'><strong>260,</strong></span> <span class='ocrx_word' id='word_1_172' title='bbox 895 2066 921 2112; x_wconf 85' lang='lat'><strong>6.</strong></span> <span class='ocrx_word' id='word_1_173' title='bbox 947 2060 991 2110; x_wconf 91' lang='lat' dir='ltr'><strong>abi</strong></span> <span class='ocrx_word' id='word_1_174' title='bbox 1016 2061 1049 2111; x_wconf 86' lang='lat' dir='ltr'><strong>de</strong></span> <span class='ocrx_word' id='word_1_175' title='bbox 1076 2061 1192 2112; x_wconf 83' lang='lat' dir='ltr'><strong>Venere:</strong></span> <span class='ocrx_word' id='word_1_176' title='bbox 1224 2060 1326 2113; x_wconf 79' lang='lat' dir='ltr'><strong>consti-</strong></span> 
     </span>
     <span class='ocr_line' id='line_1_19' title="bbox 304 2159 1324 2231; baseline 0.002 -20"><span class='ocrx_word' id='word_1_177' title='bbox 304 2171 370 2213; x_wconf 83' lang='lat' dir='ltr'><strong>tuat</strong></span> <span class='ocrx_word' id='word_1_178' title='bbox 384 2171 478 2231; x_wconf 79' lang='lat' dir='ltr'><strong>putrer</strong></span> <span class='ocrx_word' id='word_1_179' title='bbox 496 2170 524 2213; x_wconf 82' lang='lat' dir='ltr'><strong>er</strong></span> <span class='ocrx_word' id='word_1_180' title='bbox 539 2161 593 2213; x_wconf 84' lang='lat' dir='ltr'><strong>cito</strong></span> <span class='ocrx_word' id='word_1_181' title='bbox 610 2160 707 2212; x_wconf 82' lang='lat' dir='ltr'><strong>reddat</strong></span> <span class='ocrx_word' id='word_1_182' title='bbox 725 2177 799 2212; x_wconf 67' lang='lat' dir='ltr'><strong>arsos.</strong></span> <span class='ocrx_word' id='word_1_183' title='bbox 835 2160 889 2212; x_wconf 84' lang='lat' dir='ltr'><strong>Sed</strong></span> <span class='ocrx_word' id='word_1_184' title='bbox 908 2161 943 2211; x_wconf 85' lang='lat' dir='ltr'><strong>ita</strong></span> <span class='ocrx_word' id='word_1_185' title='bbox 964 2159 1084 2227; x_wconf 83' lang='lat' dir='ltr'><strong>displicet</strong></span> <span class='ocrx_word' id='word_1_186' title='bbox 1101 2160 1171 2226; x_wconf 90' lang='lat' dir='ltr'><strong>quod</strong></span> <span class='ocrx_word' id='word_1_187' title='bbox 1189 2164 1324 2227; x_wconf 81' lang='lat' dir='ltr'><strong>requitur:</strong></span> 
     </span>
     <span class='ocr_line' id='line_1_20' title="bbox 304 2258 1323 2335; baseline 0.002 -25"><span class='ocrx_word' id='word_1_188' title='bbox 304 2261 455 2335; x_wconf 78' lang='lat' dir='ltr'><strong>prolemque</strong></span> <span class='ocrx_word' id='word_1_189' title='bbox 489 2262 636 2320; x_wconf 77' lang='lat' dir='ltr'><strong>nriniatret,</strong></span> <span class='ocrx_word' id='word_1_190' title='bbox 670 2266 698 2313; x_wconf 90' lang='lat' dir='ltr'><strong>et</strong></span> <span class='ocrx_word' id='word_1_191' title='bbox 733 2260 898 2312; x_wconf 88' lang='lat' dir='ltr'><strong>iniucundum</strong></span> <span class='ocrx_word' id='word_1_192' title='bbox 929 2258 1176 2327; x_wconf 81' lang='lat' dir='ltr'><strong>hysteronproteron</strong></span> <span class='ocrx_word' id='word_1_193' title='bbox 1209 2261 1323 2312; x_wconf 81' lang='lat' dir='ltr'><strong>exsistit.</strong></span> 
     </span>
     <span class='ocr_line' id='line_1_21' title="bbox 307 2361 1325 2430; baseline -0.007 -8"><span class='ocrx_word' id='word_1_194' title='bbox 307 2368 395 2422; x_wconf 81' lang='lat' dir='ltr'><strong>Quare</strong></span> <span class='ocrx_word' id='word_1_195' title='bbox 414 2366 493 2419; x_wconf 84' lang='lat' dir='ltr'><strong>redeo</strong></span> <span class='ocrx_word' id='word_1_196' title='bbox 515 2364 547 2417; x_wconf 86' lang='lat' dir='ltr'><strong>ad</strong></span> <span class='ocrx_word' id='word_1_197' title='bbox 566 2364 710 2430; x_wconf 76' lang='lat' dir='ltr'><strong>elegantem</strong></span> <span class='ocrx_word' id='word_1_198' title='bbox 730 2364 904 2416; x_wconf 82' lang='lat' dir='ltr'><strong>coniecturam</strong></span> <span class='ocrx_word' id='word_1_199' title='bbox 923 2361 1052 2415; x_wconf 73' lang='lat' dir='ltr'><strong>Hannon:</strong></span> <span class='ocrx_word' id='word_1_200' title='bbox 1081 2364 1144 2411; x_wconf 85' lang='lat' dir='ltr'><strong>Hac</strong></span> <span class='ocrx_word' id='word_1_201' title='bbox 1165 2361 1227 2416; x_wconf 77' lang='lat' dir='ltr'><strong>ari,</strong></span> <span class='ocrx_word' id='word_1_202' title='bbox 1251 2369 1325 2415; x_wconf 81' lang='lat' dir='ltr'><strong>cete-</strong></span> 
     </span>
     <span class='ocr_line' id='line_1_22' title="bbox 308 2460 1326 2529; baseline -0.001 -14"><span class='ocrx_word' id='word_1_203' title='bbox 308 2480 364 2516; x_wconf 90' lang='lat' dir='ltr'><strong>rum</strong></span> <span class='ocrx_word' id='word_1_204' title='bbox 383 2480 441 2517; x_wconf 88' lang='lat' dir='ltr'><strong>curn</strong></span> <span class='ocrx_word' id='word_1_205' title='bbox 460 2465 605 2516; x_wconf 83' lang='lat' dir='ltr'><strong>Huscnnrn</strong></span> <span class='ocrx_word' id='word_1_206' title='bbox 623 2462 714 2514; x_wconf 80' lang='lat' dir='ltr'><strong>veniat</strong></span> <span class='ocrx_word' id='word_1_207' title='bbox 735 2467 762 2514; x_wconf 91' lang='lat' dir='ltr'><strong>et</strong></span> <span class='ocrx_word' id='word_1_208' title='bbox 781 2460 914 2513; x_wconf 70' lang='lat' dir='ltr'><strong>ministret</strong></span> <span class='ocrx_word' id='word_1_209' title='bbox 934 2462 1061 2527; x_wconf 84' lang='lat' dir='ltr'><strong>retinens,</strong></span> <span class='ocrx_word' id='word_1_210' title='bbox 1079 2477 1145 2529; x_wconf 86' lang='lat' dir='ltr'><strong>quae</strong></span> <span class='ocrx_word' id='word_1_211' title='bbox 1163 2461 1241 2514; x_wconf 84' lang='lat' dir='ltr'><strong>verba</strong></span> <span class='ocrx_word' id='word_1_212' title='bbox 1258 2461 1326 2514; x_wconf 84' lang='lat' dir='ltr'><strong>idem</strong></span> 
     </span>
     <span class='ocr_line' id='line_1_23' title="bbox 308 2561 1327 2629; baseline -0.001 -14"><span class='ocrx_word' id='word_1_213' title='bbox 308 2564 362 2616; x_wconf 78' lang='lat' dir='ltr'><strong>alne</strong></span> <span class='ocrx_word' id='word_1_214' title='bbox 389 2567 543 2619; x_wconf 85' lang='lat' dir='ltr'><strong>necessitate</strong></span> <span class='ocrx_word' id='word_1_215' title='bbox 568 2565 593 2618; x_wconf 91' lang='lat' dir='ltr'><strong>in</strong></span> <span class='ocrx_word' id='word_1_216' title='bbox 619 2564 711 2617; x_wconf 80' lang='lat' dir='ltr'><strong>verrios</strong></span> <span class='ocrx_word' id='word_1_217' title='bbox 737 2570 766 2617; x_wconf 89' lang='lat' dir='ltr'><strong>et</strong></span> <span class='ocrx_word' id='word_1_218' title='bbox 790 2563 925 2615; x_wconf 77' lang='lat' dir='ltr'><strong>ministrer</strong></span> <span class='ocrx_word' id='word_1_219' title='bbox 944 2564 1059 2615; x_wconf 88' lang='lat' dir='ltr'><strong>mutavit.</strong></span> <span class='ocrx_word' id='word_1_220' title='bbox 1095 2563 1179 2629; x_wconf 82' lang='lat' dir='ltr'><strong>Igitur</strong></span> <span class='ocrx_word' id='word_1_221' title='bbox 1197 2561 1259 2614; x_wconf 84' lang='lat' dir='ltr'><strong>dicit</strong></span> <span class='ocrx_word' id='word_1_222' title='bbox 1277 2564 1327 2615; x_wconf 83' lang='lat' dir='ltr'><strong>Ti-</strong></span> 
     </span>
     <span class='ocr_line' id='line_1_24' title="bbox 310 2660 1327 2727; baseline -0.004 -11"><span class='ocrx_word' id='word_1_223' title='bbox 310 2660 410 2719; x_wconf 77' lang='lat' dir='ltr'><strong>builn&#39;er</strong></span> <span class='ocrx_word' id='word_1_224' title='bbox 434 2666 494 2718; x_wconf 83' lang='lat' dir='ltr'><strong>Hor</strong></span> <span class='ocrx_word' id='word_1_225' title='bbox 509 2667 594 2720; x_wconf 81' lang='lat' dir='ltr'><strong>lausto</strong></span> <span class='ocrx_word' id='word_1_226' title='bbox 613 2667 699 2718; x_wconf 88' lang='lat' dir='ltr'><strong>omine</strong></span> <span class='ocrx_word' id='word_1_227' title='bbox 720 2666 805 2717; x_wconf 87' lang='lat' dir='ltr'><strong>veniat</strong></span> <span class='ocrx_word' id='word_1_228' title='bbox 825 2663 940 2727; x_wconf 77' lang='lat' dir='ltr'><strong>Natalis,</strong></span> <span class='ocrx_word' id='word_1_229' title='bbox 956 2663 1069 2714; x_wconf 79' lang='lat' dir='ltr'><strong>suaviter</strong></span> <span class='ocrx_word' id='word_1_230' title='bbox 1087 2661 1119 2713; x_wconf 88' lang='lat' dir='ltr'><strong>ad</strong></span> <span class='ocrx_word' id='word_1_231' title='bbox 1140 2665 1258 2714; x_wconf 73' lang='lat' dir='ltr'><strong>Amorem</strong></span> <span class='ocrx_word' id='word_1_232' title='bbox 1277 2661 1327 2713; x_wconf 88' lang='lat' dir='ltr'><strong>ad-</strong></span> 
     </span>
     <span class='ocr_line' id='line_1_25' title="bbox 310 2764 1326 2830; baseline -0.002 -14"><span class='ocrx_word' id='word_1_233' title='bbox 310 2766 436 2818; x_wconf 80' lang='lat' dir='ltr'><strong>volantem</strong></span> <span class='ocrx_word' id='word_1_234' title='bbox 451 2765 575 2830; x_wconf 82' lang='lat' dir='ltr'><strong>allmlens,</strong></span> <span class='ocrx_word' id='word_1_235' title='bbox 594 2782 625 2817; x_wconf 86' lang='lat' dir='ltr'><strong>ae</strong></span> <span class='ocrx_word' id='word_1_236' title='bbox 644 2764 723 2817; x_wconf 82' lang='lat' dir='ltr'><strong>ialsus</strong></span> <span class='ocrx_word' id='word_1_237' title='bbox 741 2772 782 2816; x_wconf 78' lang='lat' dir='ltr'><strong>eet</strong></span> <span class='ocrx_word' id='word_1_238' title='bbox 796 2764 1038 2815; x_wconf 79' lang='lat' dir='ltr'><strong>Wunnannrcnrus</strong></span> <span class='ocrx_word' id='word_1_239' title='bbox 1058 2777 1165 2814; x_wconf 82' lang='lat' dir='ltr'><strong>censens</strong></span> <span class='ocrx_word' id='word_1_240' title='bbox 1181 2777 1326 2829; x_wconf 82' lang='lat' dir='ltr'><strong>repugnare</strong></span> 
     </span>
     <span class='ocr_line' id='line_1_26' title="bbox 311 2860 1328 2931; baseline -0.009 -16"><span class='ocrx_word' id='word_1_241' title='bbox 311 2864 349 2917; x_wconf 82' lang='lat' dir='ltr'><strong>his</strong></span> <span class='ocrx_word' id='word_1_242' title='bbox 366 2866 459 2919; x_wconf 83' lang='lat' dir='ltr'><strong>verba:</strong></span> <span class='ocrx_word' id='word_1_243' title='bbox 479 2863 555 2915; x_wconf 77' lang='lat' dir='ltr'><strong>viden</strong></span> <span class='ocrx_word' id='word_1_244' title='bbox 575 2873 605 2913; x_wconf 83' lang='lat' dir='ltr'><strong>nt</strong></span> <span class='ocrx_word' id='word_1_245' title='bbox 624 2880 647 2916; x_wconf 90' lang='lat' dir='ltr'><strong>v.</strong></span> <span class='ocrx_word' id='word_1_246' title='bbox 668 2869 709 2916; x_wconf 81' lang='lat' dir='ltr'><strong>tt.</strong></span> <span class='ocrx_word' id='word_1_247' title='bbox 729 2879 777 2931; x_wconf 89' lang='lat' dir='ltr'><strong>pro</strong></span> <span class='ocrx_word' id='word_1_248' title='bbox 796 2862 889 2929; x_wconf 84' lang='lat' dir='ltr'><strong>quibus</strong></span> <span class='ocrx_word' id='word_1_249' title='bbox 908 2868 1048 2929; x_wconf 84' lang='lat' dir='ltr'><strong>propterea</strong></span> <span class='ocrx_word' id='word_1_250' title='bbox 1067 2860 1170 2910; x_wconf 83' lang='lat' dir='ltr'><strong>utinam</strong></span> <span class='ocrx_word' id='word_1_251' title='bbox 1189 2862 1328 2912; x_wconf 84' lang='lat' dir='ltr'><strong>revocavit.</strong></span> 
     </span>
     <span class='ocr_line' id='line_1_27' title="bbox 310 2959 1327 3026; baseline -0.003 -11"><span class='ocrx_word' id='word_1_252' title='bbox 310 2963 369 3016; x_wconf 76' lang='lat' dir='ltr'><strong>Non</strong></span> <span class='ocrx_word' id='word_1_253' title='bbox 388 2965 452 3017; x_wconf 85' lang='lat' dir='ltr'><strong>dicit</strong></span> <span class='ocrx_word' id='word_1_254' title='bbox 470 2978 531 3014; x_wconf 88' lang='lat' dir='ltr'><strong>vero</strong></span> <span class='ocrx_word' id='word_1_255' title='bbox 549 2962 684 3014; x_wconf 75' lang='lat' dir='ltr'><strong>Tibullusa</strong></span> <span class='ocrx_word' id='word_1_256' title='bbox 712 2960 760 3013; x_wconf 89' lang='lat' dir='ltr'><strong>hac</strong></span> <span class='ocrx_word' id='word_1_257' title='bbox 785 2962 826 3012; x_wconf 86' lang='lat' dir='ltr'><strong>ari</strong></span> <span class='ocrx_word' id='word_1_258' title='bbox 851 2966 973 3024; x_wconf 83' lang='lat' dir='ltr'><strong>ventura,</strong></span> <span class='ocrx_word' id='word_1_259' title='bbox 1001 2959 1215 3026; x_wconf 88' lang='lat' dir='ltr'><strong>quemadmodum</strong></span> <span class='ocrx_word' id='word_1_260' title='bbox 1240 2960 1327 3012; x_wconf 84' lang='lat' dir='ltr'><strong>Wun-</strong></span> 
     </span>
     <span class='ocr_line' id='line_1_28' title="bbox 240 3057 1328 3128; baseline -0.004 -15"><span class='ocrx_word' id='word_1_261' title='bbox 240 3119 248 3126; x_wconf 51' lang='grc'>,</span> <span class='ocrx_word' id='word_1_262' title='bbox 313 3077 481 3115; x_wconf 79' lang='lat' dir='ltr'><strong>ornaremus</strong></span> <span class='ocrx_word' id='word_1_263' title='bbox 500 3061 616 3128; x_wconf 86' lang='lat' dir='ltr'><strong>accepit,</strong></span> <span class='ocrx_word' id='word_1_264' title='bbox 642 3060 688 3110; x_wconf 82' lang='lat' dir='ltr'><strong>aed</strong></span> <span class='ocrx_word' id='word_1_265' title='bbox 707 3057 756 3109; x_wconf 88' lang='lat' dir='ltr'><strong>hae</strong></span> <span class='ocrx_word' id='word_1_266' title='bbox 774 3060 814 3109; x_wconf 86' lang='lat' dir='ltr'><strong>avi</strong></span> <span class='ocrx_word' id='word_1_267' title='bbox 835 3066 979 3126; x_wconf 80' lang='lat' dir='ltr'><strong>praesente.</strong></span> <span class='ocrx_word' id='word_1_268' title='bbox 1001 3085 1037 3095; x_wconf 94' lang='lat'><em>-</em></span> <span class='ocrx_word' id='word_1_269' title='bbox 1066 3058 1105 3109; x_wconf 84' lang='lat' dir='ltr'><strong>hd</strong></span> <span class='ocrx_word' id='word_1_270' title='bbox 1127 3059 1244 3109; x_wconf 87' lang='lat' dir='ltr'><strong>ultimum</strong></span> <span class='ocrx_word' id='word_1_271' title='bbox 1268 3073 1328 3110; x_wconf 83' lang='lat' dir='ltr'><strong>ver·</strong></span> 
     </span>
     <span class='ocr_line' id='line_1_29' title="bbox 311 3155 1328 3225; baseline -0.002 -14"><span class='ocrx_word' id='word_1_272' title='bbox 311 3175 383 3212; x_wconf 76' lang='lat' dir='ltr'><strong>sum:</strong></span> <span class='ocrx_word' id='word_1_273' title='bbox 402 3161 661 3213; x_wconf 81' lang='lat' dir='ltr'><strong>Ludatetante</strong></span> <span class='ocrx_word' id='word_1_274' title='bbox 680 3157 875 3208; x_wconf 88' lang='lat' dir='ltr'><strong>tuostnrba</strong></span> <span class='ocrx_word' id='word_1_275' title='bbox 894 3155 1328 3225; x_wconf 80' lang='lat' dir='ltr'><strong>noveliapedeaHoscnrrrun</strong></span> 
     </span>
     <span class='ocr_line' id='line_1_30' title="bbox 312 3249 1329 3327; baseline -0.004 -18"><span class='ocrx_word' id='word_1_276' title='bbox 312 3268 443 3327; x_wconf 84' lang='lat' dir='ltr'><strong>comparat</strong></span> <span class='ocrx_word' id='word_1_277' title='bbox 461 3261 534 3312; x_wconf 79' lang='lat' dir='ltr'><strong>Hora.</strong></span> <span class='ocrx_word' id='word_1_278' title='bbox 553 3259 584 3311; x_wconf 92' lang='grc'><strong>11.</strong></span> <span class='ocrx_word' id='word_1_279' title='bbox 602 3258 634 3321; x_wconf 88' lang='lat' dir='ltr'><strong>V,</strong></span> <span class='ocrx_word' id='word_1_280' title='bbox 653 3260 721 3309; x_wconf 74' lang='lat'><strong>408:</strong></span> <span class='ocrx_word' id='word_1_281' title='bbox 751 3251 812 3306; x_wconf 70' lang='lat' dir='ltr'><strong>aiot</strong></span> <span class='ocrx_word' id='word_1_282' title='bbox 834 3260 862 3305; x_wconf 77' lang='grc' dir='ltr'><strong>τι·</strong></span> <span class='ocrx_word' id='word_1_283' title='bbox 881 3275 925 3315; x_wconf 75' lang='grc' dir='ltr'><strong>μιν</strong></span> <span class='ocrx_word' id='word_1_284' title='bbox 945 3255 1037 3312; x_wconf 77' lang='grc' dir='ltr'><strong><em>παῖδες</em></strong></span> <span class='ocrx_word' id='word_1_285' title='bbox 1055 3257 1115 3304; x_wconf 77' lang='lat' dir='ltr'><strong>noni</strong></span> <span class='ocrx_word' id='word_1_286' title='bbox 1132 3249 1240 3320; x_wconf 68' lang='grc' dir='ltr'><strong>γοίψασι</strong></span> <span class='ocrx_word' id='word_1_287' title='bbox 1257 3272 1329 3305; x_wconf 71' lang='grc' dir='ltr'><strong>παπ-</strong></span> 
     </span>
     <span class='ocr_line' id='line_1_31' title="bbox 314 3348 1328 3424; baseline -0.005 -16"><span class='ocrx_word' id='word_1_288' title='bbox 314 3354 443 3413; x_wconf 72' lang='grc' dir='ltr'>πάζουσιν.</span> <span class='ocrx_word' id='word_1_289' title='bbox 486 3360 536 3412; x_wconf 77' lang='lat' dir='ltr'><strong>Est</strong></span> <span class='ocrx_word' id='word_1_290' title='bbox 554 3360 621 3412; x_wconf 91' lang='lat' dir='ltr'><strong>enirn</strong></span> <span class='ocrx_word' id='word_1_291' title='bbox 647 3368 708 3409; x_wconf 81' lang='lat' dir='ltr'><strong>tona</strong></span> <span class='ocrx_word' id='word_1_292' title='bbox 727 3358 760 3410; x_wconf 83' lang='lat' dir='ltr'><strong>arl</strong></span> <span class='ocrx_word' id='word_1_293' title='bbox 777 3354 925 3410; x_wconf 87' lang='lat' dir='ltr'><strong>Cerinthnna</strong></span> <span class='ocrx_word' id='word_1_294' title='bbox 945 3355 1108 3419; x_wconf 77' lang='lat' dir='ltr'><strong>referendum</strong></span> <span class='ocrx_word' id='word_1_295' title='bbox 1129 3355 1218 3424; x_wconf 87' lang='lat' dir='ltr'><strong>procul</strong></span> <span class='ocrx_word' id='word_1_296' title='bbox 1240 3348 1328 3417; x_wconf 86' lang='lat' dir='ltr'><strong>dubio,</strong></span> 
     </span>
     <span class='ocr_line' id='line_1_32' title="bbox 313 3455 1330 3524; baseline -0.003 -17"><span class='ocrx_word' id='word_1_297' title='bbox 313 3458 382 3524; x_wconf 80' lang='lat' dir='ltr'><strong>qarob</strong></span> <span class='ocrx_word' id='word_1_298' title='bbox 401 3457 535 3511; x_wconf 79' lang='lat' dir='ltr'><strong>Hnrnsnna</strong></span> <span class='ocrx_word' id='word_1_299' title='bbox 560 3461 653 3511; x_wconf 68' lang='lat' dir='ltr'><strong>verrios</strong></span> <span class='ocrx_word' id='word_1_300' title='bbox 677 3468 704 3513; x_wconf 90' lang='lat' dir='ltr'><strong>et</strong></span> <span class='ocrx_word' id='word_1_301' title='bbox 729 3461 863 3511; x_wconf 76' lang='lat' dir='ltr'><strong>ruiniatrea·</strong></span> <span class='ocrx_word' id='word_1_302' title='bbox 881 3460 996 3512; x_wconf 81' lang='lat' dir='ltr'><strong>scribens</strong></span> <span class='ocrx_word' id='word_1_303' title='bbox 1022 3457 1055 3510; x_wconf 90' lang='lat' dir='ltr'><strong>de</strong></span> <span class='ocrx_word' id='word_1_304' title='bbox 1075 3459 1161 3509; x_wconf 89' lang='lat' dir='ltr'><strong>Genio</strong></span> <span class='ocrx_word' id='word_1_305' title='bbox 1183 3455 1330 3520; x_wconf 81' lang='lat' dir='ltr'><strong>intelligen-</strong></span> 
     </span>
     <span class='ocr_line' id='line_1_33' title="bbox 313 3554 1333 3626; baseline -0.004 -17"><span class='ocrx_word' id='word_1_306' title='bbox 313 3557 373 3609; x_wconf 90' lang='lat' dir='ltr'><strong>dum</strong></span> <span class='ocrx_word' id='word_1_307' title='bbox 392 3556 507 3623; x_wconf 84' lang='lat' dir='ltr'><strong>putabat.</strong></span> <span class='ocrx_word' id='word_1_308' title='bbox 544 3559 597 3610; x_wconf 85' lang='lat' dir='ltr'><strong>Sed</strong></span> <span class='ocrx_word' id='word_1_309' title='bbox 618 3559 778 3611; x_wconf 81' lang='lat' dir='ltr'><strong>Husonrrrus</strong></span> <span class='ocrx_word' id='word_1_310' title='bbox 798 3559 919 3626; x_wconf 87' lang='lat' dir='ltr'><strong>proponit</strong></span> <span class='ocrx_word' id='word_1_311' title='bbox 938 3556 1017 3608; x_wconf 76' lang='lat' dir='ltr'><strong>loclnt</strong></span> <span class='ocrx_word' id='word_1_312' title='bbox 1037 3566 1084 3613; x_wconf 83' lang='lat' dir='ltr'><strong>ut,</strong></span> <span class='ocrx_word' id='word_1_313' title='bbox 1112 3556 1145 3608; x_wconf 90' lang='lat' dir='ltr'><strong>de</strong></span> <span class='ocrx_word' id='word_1_314' title='bbox 1170 3571 1222 3624; x_wconf 86' lang='lat' dir='ltr'><strong>quo</strong></span> <span class='ocrx_word' id='word_1_315' title='bbox 1245 3554 1269 3605; x_wconf 87' lang='lat' dir='ltr'><strong>ei</strong></span> <span class='ocrx_word' id='word_1_316' title='bbox 1287 3570 1333 3606; x_wconf 86' lang='lat' dir='ltr'><strong>as-</strong></span> 
     </span>
     <span class='ocr_line' id='line_1_34' title="bbox 312 3651 1333 3729; baseline -0.008 -16"><span class='ocrx_word' id='word_1_317' title='bbox 312 3660 419 3713; x_wconf 81' lang='lat' dir='ltr'><strong>sentior.</strong></span> <span class='ocrx_word' id='word_1_318' title='bbox 457 3659 569 3710; x_wconf 87' lang='lat' dir='ltr'><strong>Sunvior</strong></span> <span class='ocrx_word' id='word_1_319' title='bbox 593 3666 620 3712; x_wconf 86' lang='lat' dir='ltr'><strong>et</strong></span> <span class='ocrx_word' id='word_1_320' title='bbox 639 3662 722 3728; x_wconf 72' lang='lat' dir='ltr'><strong>magia</strong></span> <span class='ocrx_word' id='word_1_321' title='bbox 748 3662 849 3729; x_wconf 87' lang='lat' dir='ltr'><strong>poetica</strong></span> <span class='ocrx_word' id='word_1_322' title='bbox 876 3666 917 3712; x_wconf 89' lang='lat' dir='ltr'><strong>est</strong></span> <span class='ocrx_word' id='word_1_323' title='bbox 943 3661 1007 3712; x_wconf 81' lang='lat' dir='ltr'><strong>alias</strong></span> <span class='ocrx_word' id='word_1_324' title='bbox 1030 3659 1112 3710; x_wconf 85' lang='lat' dir='ltr'><strong>altera</strong></span> <span class='ocrx_word' id='word_1_325' title='bbox 1136 3656 1271 3717; x_wconf 88' lang='lat' dir='ltr'><strong>iunctura,</strong></span> <span class='ocrx_word' id='word_1_326' title='bbox 1300 3651 1333 3705; x_wconf 90' lang='lat' dir='ltr'><strong>de</strong></span> 
     </span>
     <span class='ocr_line' id='line_1_35' title="bbox 289 3755 1334 3829; baseline -0.009 -12"><span class='ocrx_word' id='word_1_327' title='bbox 289 3778 364 3828; x_wconf 18' lang='lat' dir='ltr'><strong>*qua</strong></span> <span class='ocrx_word' id='word_1_328' title='bbox 389 3759 551 3813; x_wconf 80' lang='lat' dir='ltr'><strong>Huscuarus</strong></span> <span class='ocrx_word' id='word_1_329' title='bbox 577 3777 655 3829; x_wconf 82' lang='lat' dir='ltr'><strong>supra</strong></span> <span class='ocrx_word' id='word_1_330' title='bbox 679 3762 744 3814; x_wconf 77' lang='lat' dir='ltr'><strong>dixit</strong></span> <span class='ocrx_word' id='word_1_331' title='bbox 770 3762 802 3813; x_wconf 86' lang='lat' dir='ltr'><strong>ad</strong></span> <span class='ocrx_word' id='word_1_332' title='bbox 826 3762 975 3826; x_wconf 77' lang='lat' dir='ltr'><strong>11,t,6t;</strong></span> <span class='ocrx_word' id='word_1_333' title='bbox 1003 3758 1050 3810; x_wconf 81' lang='lat' dir='ltr'><strong>sed</strong></span> <span class='ocrx_word' id='word_1_334' title='bbox 1075 3759 1101 3809; x_wconf 92' lang='lat' dir='ltr'><strong>in</strong></span> <span class='ocrx_word' id='word_1_335' title='bbox 1126 3755 1174 3809; x_wconf 86' lang='lat' dir='ltr'><strong>hae</strong></span> <span class='ocrx_word' id='word_1_336' title='bbox 1192 3756 1334 3809; x_wconf 85' lang='lat' dir='ltr'><strong>mutatione</strong></span> 
     </span>
     <span class='ocr_line' id='line_1_36' title="bbox 313 3859 1157 3931; baseline -0.011 -13"><span class='ocrx_word' id='word_1_337' title='bbox 313 3866 423 3919; x_wconf 82' lang='lat' dir='ltr'><strong>aubieeti</strong></span> <span class='ocrx_word' id='word_1_338' title='bbox 443 3863 538 3916; x_wconf 76' lang='lat' dir='ltr'><strong>durior·</strong></span> <span class='ocrx_word' id='word_1_339' title='bbox 549 3865 643 3931; x_wconf 83' lang='lat' dir='ltr'><strong>copula</strong></span> <span class='ocrx_word' id='word_1_340' title='bbox 661 3872 702 3919; x_wconf 89' lang='lat' dir='ltr'><strong>et,</strong></span> <span class='ocrx_word' id='word_1_341' title='bbox 720 3864 854 3915; x_wconf 84' lang='lat' dir='ltr'><strong>nervosior</strong></span> <span class='ocrx_word' id='word_1_342' title='bbox 871 3861 954 3912; x_wconf 85' lang='lat' dir='ltr'><strong>linaiis</strong></span> <span class='ocrx_word' id='word_1_343' title='bbox 972 3859 1098 3927; x_wconf 88' lang='lat' dir='ltr'><strong>particula</strong></span> <span class='ocrx_word' id='word_1_344' title='bbox 1116 3865 1157 3909; x_wconf 82' lang='lat' dir='ltr'><strong>ut.</strong></span> 
     </span>
    </p>
   </div>
   <div class='ocr_carea' id='block_1_3' title="bbox 652 4041 994 4069">
    <p class='ocr_par' dir='ltr' id='par_1_3' title="bbox 652 4041 994 4069">
     <span class='ocr_line' id='line_1_37' title="bbox 652 4041 994 4069; baseline 0.003 -9"><span class='ocrx_word' id='word_1_345' title='bbox 652 4041 994 4069; x_wconf 41' lang='grc' dir='ltr'><strong>ψη</strong></span> 
     </span>
    </p>
   </div>
   <div class='ocr_carea' id='block_1_4' title="bbox 0 0 1519 4725">
    <p class='ocr_par' dir='ltr' id='par_1_4' title="bbox 0 0 1519 4725">
     <span class='ocr_line' id='line_1_38' title="bbox 0 0 1519 4725; baseline 0 0"><span class='ocrx_word' id='word_1_346' title='bbox 0 0 1519 4725; x_wconf 95' lang='lat' dir='ltr'><strong> </strong></span> 
     </span>
    </p>
   </div>
  </div>
 </body>
</html>
