3009 4725
334 437 426 488 oxutv
652 449 657 460 ·
740 415 799 479 DE
821 413 943 483 POESI

333 594 497 672 Quam-ut
523 593 568 655 ita
589 588 690 653 dicans
716 587 798 651 lenis
819 601 850 653 ct
877 586 1000 671 placida
1023 603 1070 652 est
1094 592 1196 655 oratio
1217 592 1355 657 hominis

318 709 533 791 'desperamm
554 703 719 767 consilium
749 714 874 783 captum
901 705 1057 767 numantia
1079 717 1258 787 comparata
1282 728 1354 769 cum
1384 730 1387 740 ·

333 821 455 884 Tibulli
473 805 588 881 affectu
609 830 642 879 et
659 819 837 897 impetuoso
859 818 1030 880 verborum
1051 816 1198 895 flumine,
1230 819 1285 902 qui
1308 832 1354 882 ta-

332 953 405 995 men
433 949 500 994 non
528 933 598 993 vult
624 930 720 993 vitam
747 929 811 991 leto
841 927 950 992 linire!
985 929 1036 992 De
1061 929 1161 1010 figora
1188 934 1353 1013 pathetica,

333 1045 504 1126 anaphora,
526 1063 602 1106 mox
622 1043 714 1124 plura
735 1042 909 1123 explicabo,
932 1063 1016 1104 nunc
1035 1055 1168 1127 uterque
1191 1066 1228 1106 ea
1247 1047 1354 1122 utitur,

332 1157 389 1219 sed
406 1158 551 1219 Tibullus
573 1167 734 1237 praeterea
755 1156 970 1236 apostrophen
997 1152 1085 1220 addit
1105 1158 1356 1240 etimpracatio·

332 1272 382 1332 nis
401 1271 476 1332 iras.
522 1266 573 1330 Ad
592 1265 791 1330 iudicandam
813 1279 917 1330 autem
948 1269 1135 1334 formulam:
1173 1271 1233 1354 ριν·
1247 1277 1357 1354 primm

332 1421 377 1435 -
386 1385 502 1466 ferreus
521 1384 564 1444 aba
577 1380 638 1462 suit
659 1381 768 1443 confer
790 1380 851 1442 hoc
876 1380 997 1446 Tibulli
1020 1381 1175 1446 distichon
1196 1385 1221 1463 Ι,
1244 1390 1293 1462 10,
1319 1393 1354 1449 l:

417 1496 496 1574 Quis
520 1497 596 1574 suit,
625 1490 801 1556 horrendos
821 1493 942 1576 primate
963 1495 1019 1579 qui
1040 1497 1172 1578 protulit
1189 1495 1304 1559 enses?

458 1607 560 1684 Quam
583 1609 669 1669 lorus
691 1618 723 1668 et
742 1625 818 1669 vere
840 1608 962 1670 ferreus
982 1607 1035 1669 ille
1057 1606 1134 1672 suit!

333 1722 377 1787 Ut
405 1719 504 1783 discas
533 1717 610 1804 quid
640 1720 680 1782 sit
706 1697 888 1799 gravissime
918 1717 1033 1785 dicere.
1074 1719 1138 1785 Sed
1158 1723 1248 1788 mitto
1269 1725 1356 1787 hunc

332 1836 453 1912 locum,
482 1834 615 1896 fortiora
639 1833 733 1893 etiam
753 1834 832 1895 haec
854 1833 884 1915 1,
908 1838 947 1911 2,
966 1839 1026 1899 67:

416 1945 552 2009 Ferreus
572 1946 626 2008 ille
646 1944 723 2021 tait,
750 1945 824 2030 qui,
852 1958 883 2009 te
905 1965 977 2010 cum
996 1961 1104 2030 posset
1126 1948 1260 2027 habere,

457 2057 609 2120 Maluerit
627 2055 761 2139 praedas
779 2059 892 2122 stultus
915 2072 945 2123 et
968 2079 1056 2123 mma
1077 2060 1183 2142 sequi,

332 2173 498 2252 et11,s‚1:
519 2170 607 2232 Rura
620 2144 732 2249 medan,
741 2171 901 2250 Cerinthe,
911 2184 1020 2233 tenent
1034 2175 1186 2252 villaeque
1201 2171 1353 2251 puellam:

460 2283 595 2348 Ferreus
616 2297 678 2365 est,
705 2286 869 2364 heuheu,
898 2283 1039 2365 quisquis
1060 2283 1094 2343 in
1116 2283 1195 2345 urbe
1216 2295 1332 2348 manet.

333 2399 389 2461 ubi
408 2397 495 2463 vides
512 2401 716 2480 praemissum
730 2398 840 2459 colon:
861 2396 983 2457 ferreus
1001 2408 1057 2475 est,
1079 2396 1200 2458 ferreus
1215 2397 1268 2458 ille
1284 2399 1353 2474 fuit,

333 2514 514 2576 nervosiors
536 2509 754 2579 collocatione,
779 2506 865 2591 quod
886 2505 1067 2590 Lygdamus
1086 2510 1272 2591 postposuit.
1314 2511 1355 2573 At

332 2629 425 2708 plane
446 2624 588 2687 ieiunum
609 2634 639 2684 et
657 2623 800 2703 ineptum
822 2632 870 2684 est
888 2618 986 2683 illud:
1008 2622 1086 2700 Ergo
1101 2642 1173 2682 cum
1193 2623 1296 2685 fuero.
1311 2657 1355 2670 —

331 2740 504 2803 Veniamus
515 2736 552 2800 ad
570 2736 654 2798 uliud
666 2736 890 2817 parlocorum.
918 2735 1064 2797 Tibullus
1080 2733 1153 2799 dicit
1163 2735 1259 2814 1,s,1.
1269 2756 1354 2820 sqq.:

417 2850 506 2912 Ibitis
527 2848 664 2928 Aegaeas
686 2848 754 2907 sine
775 2867 844 2923 ms,
865 2846 1017 2924 Messala,
1045 2866 1104 2929 per
1124 2845 1243 2929 undas,

459 2958 488 3026 0
510 2961 630 3022 utinam
652 2976 807 3020 memores
823 2956 892 3040 ipse
913 2960 1090 3043 cohorsque
1111 2961 1192 3024 mei:

370 3130 382 3141 .
415 3077 471 3139 ille
493 3086 577 3136 tenet
597 3072 711 3153 ignotis
733 3091 860 3151 aegrum
879 3071 1032 3136 Phaeacia
1053 3074 1162 3137 terris:

459 3188 624 3249 Abstineas
647 3181 769 3262 avidas,
792 3184 882 3247 Mors
903 3205 1017 3267 precor
1038 3202 1122 3271 atra,
1150 3205 1270 3249 manus.

418 3302 600 3381 Abstineas,
621 3300 711 3362 Mors
732 3313 815 3379 atra,
842 3321 965 3382 precor.

334 3416 515 3500 Lygdamus
536 3415 596 3494 ΠΙ,
619 3418 637 3476 ⁵
645 3458 655 3493 ,
675 3418 691 3475 1
715 3435 785 3496 sqq.
805 3412 867 3476 ita:

417 3532 485 3593 Vos
507 3541 607 3603 tenet,
628 3526 766 3589 Etruscis
789 3537 895 3587 manat
917 3544 998 3607 qasus
1019 3526 1158 3587 fontibus
1183 3519 1281 3598 unda,

458 3638 554 3700 Unda
576 3640 634 3698 sub
656 3642 808 3703 aestivum
830 3660 897 3701 non
920 3635 1062 3700 adeunda
1084 3634 1217 3708 Canem,

417 3751 511 3813 Nunc
534 3763 637 3813 autem
658 3753 753 3814 sacris
774 3752 923 3815 Baiarum
946 3747 1091 3830 proxima
1112 3745 1265 3828 lymphis,

463 3860 543 3926 Cum
568 3886 600 3927 se
622 3885 784 3947 purpureo
807 3884 879 3927 vere
903 3860 1030 3924 remittit
1050 3860 1185 3922 burnus:

417 3980 459 4042 At
480 3980 558 4041 muri
578 3980 778 4058 Persephone
800 3979 920 4057 nigram
943 3974 1108 4038 denuntiat
1127 3974 1255 4037 horam:

461 4093 621 4155 Immerito
642 4090 751 4155 iuveni
770 4110 866 4172 parce
889 4109 1022 4166 nocere,
1050 4088 1118 4149 des.
