3009 4725
578 431 768 507 TtBtJLL1.'
1155 469 1182 509 u

156 618 328 683 declaravit
345 614 484 681 Veneria
504 597 649 692 tutelam,¹
668 634 752 676 nune
775 613 930 679 convertit
950 635 981 679 aa
1006 614 1047 680 ad
1065 618 1186 682 infero·

155 752 227 795 rum
251 731 425 794 numinum
450 729 530 805 vim,
561 741 592 791 et
619 728 754 789 urentur
779 728 968 808 magicarum
997 749 1103 793 retum
1129 729 1184 794 de·

156 847 284 929 eor-iptio
302 843 486 927 magnifica3
515 843 600 907 dedit
619 865 692 923 auga
712 842 815 924 perita
837 841 876 906 ad
896 846 1048 909 maiorem
1069 849 1185 910 tenuri-

159 972 254 1024 tatem
273 972 385 1041 poetae
406 975 551 1034 carmen,
582 955 668 1039 quod
692 956 789 1019 aiter
811 957 1062 1038 pronuntiaverit
1081 959 1184 1037 Delia,

165 1074 385 1136 obcaecabitur
411 1091 498 1134 mena
529 1070 644 1133 ma1iti.
694 1070 858 1134 Postremo
886 1073 1014 1136 ulfimoa
1043 1071 1185 1136 uiniuloa

162 1187 375 1272 persuationis
394 1186 537 1252 admovet
557 1185 648 1249 tertia
668 1203 741 1267 pare
760 1203 882 1264 rerum,
906 1185 1079 1252 uiouatruta
1098 1187 1184 1252 deni·

160 1319 226 1387 qne
248 1301 363 1365 amotio
381 1301 414 1363 in
434 1313 530 1384 poeta
550 1298 765 1381 magnitudine
790 1313 821 1363 et
844 1304 1034 1383 eonetantia3
1064 1321 1128 1386 quo
1148 1324 1184 1366 re

157 1415 235 1502 quid
253 1415 397 1480 blandina
414 1416 454 1480 ad
472 1413 716 1481 commovendos
733 1417 901 1480 mulierum
920 1413 1065 1482 aniame?
1104 1416 1185 1481 Sunt

157 1531 251 1593 etiam
279 1530 331 1594 bic
360 1543 424 1596 trae
455 1530 518 1596 loai
548 1532 670 1613 egregie
701 1522 874 1613 oompoeiti.
929 1521 1060 1598 (bulittu
1088 1533 1183 1598 hinc:

157 1644 458 1725 argumentationi,
490 1665 572 1729 quae
601 1645 695 1707 etiam
722 1644 846 1709 solvere
873 1645 958 1708 huno
984 1663 1124 1710 emnem
1153 1641 1185 1710 et'

158 1751 350 1836 restinguere
374 1759 435 1821 boa
460 1760 546 1838 ignea
573 1777 606 1819 ee
634 1771 728 1838 potae
757 1753 895 1834 dicebat,
925 1751 1128 1821 obnisurn'ee
1153 1768 1184 1819 et

161 1863 329 1951 mutiana,
355 1873 412 1954 qui
430 1893 590 1956 nunquam
612 1892 719 1937 carere
742 1892 803 1934 ueu
823 1873 934 1935 Deliae
955 1873 1041 1934 velit.
1059 1867 1062 1876 ’
1082 1873 1183 1934 Immo

153 1971 220 2067 ¹pro
243 2006 283 2048 eo
303 1983 409 2047 omnia
431 1985 523 2048 faeiat
541 1998 571 2048 et
590 1986 672 2048 ierat
693 1986 850 2048 lubenter.
892 1985 944 2047 Sic
965 1986 1056 2046 altino
1075 1987 1183 2064 ettrglt.

157 2100 202 2164 Ac
224 2100 364 2182 primum
387 2091 521 2183 opponit
543 2103 651 2166 nivalia
675 2103 783 2183 paullo
812 2113 883 2163 aute
910 2101 943 2162 in
966 2102 1084 2162 bellum
1109 2091 1183 2179 pro·

157 2212 229 2277 teeti
249 2212 370 2277 levitati
390 2233 479 2276 eoam
505 2211 616 2291 fidem,
645 2233 719 2275 auoa
744 2233 870 2291 aeneus,
903 2213 958 2298 qui
981 2212 1020 2275 ad
1043 2224 1181 2276 orouuut

158 2342 190 2394 et
201 2331 284 2393 inter
299 2349 407 2411 greges
423 2330 504 2392 laete
521 2327 648 2411 degeret
665 2350 736 2392 eum
754 2330 847 2394 Delia
869 2331 943 2394 solie
962 2329 997 2392 in
1013 2329 1182 2406 montibus,

160 2444 230 2521 aad,
257 2467 329 2508 cunt
348 2436 416 2508 non
438 2445 598 2526 aperiatur
617 2447 727 2524 unua,
755 2463 914 2529 postremo
943 2450 1037 2512 etiam
1059 2449 1182 2529 templis

160 2560 290 2641 aupplex
305 2552 515 2642 procumbere
533 2574 565 2622 et
581 2563 713 2641 genibus
730 2576 847 2626 terram
864 2582 1032 2646 perrepere
1053 2576 1182 2644 parante

157 2689 218 2755 eat,
247 2679 274 2740 ai
295 2678 377 2741 iorte
399 2670 608 2741 advertantur
630 2674 675 2741 dii
701 2690 732 2739 et
760 2679 911 2740 nieruen't
937 2677 1072 2762 aliquid,
1105 2678 1181 2739 nihil

158 2808 227 2852 noa
247 2794 432 2855 toleraturus
452 2812 513 2875 pro
531 2786 596 2856 nou*
613 2793 745 2875 puellae.
789 2792 826 2853 ln
848 2804 915 2874 quo'
931 2789 1019 2853 videa
1039 2787 1078 2850 ad
1098 2809 1182 2850 eum·

156 2926 248 2969 munt
268 2918 393 2969 auctum
410 2908 565 2971 fervorem
586 2908 731 2989 affectus,
759 2920 798 2970 ut
817 2907 879 2970 iam
897 2902 976 2965 nihil
999 2900 1072 2964 addi
1092 2920 1183 2981 poete

155 3020 309 3085 videatur.
351 3022 404 3086 sic
425 3012 598 3086 absolvitur
622 3025 712 3086 tertia
737 3042 820 3105 pare.
864 3021 972 3082 Restat
1000 3030 1037 3079 ut
1064 3015 1183 3079 exitum

155 3127 301 3197 uocem.
367 3134 448 3198 Cum
481 3145 622 3198 amantea
657 3137 765 3198 miseri
798 3147 869 3197 ante
900 3134 1028 3195 ianuam
1058 3130 1183 3213 puellae

155 3248 264 3313 llentea
293 3260 387 3333 aaepe
412 3249 594 3315 riderentur
623 3273 642 3313 a
669 3248 960 3333 praetereuntibus,
991 3246 1065 3309 inde
1090 3243 1183 3308 ducta

39 3402 43 3411 ·
155 3364 259 3427 foma
285 3365 410 3447 portica
439 3366 614 3447 argumenti
634 3365 793 3429 'admonet
821 3364 991 3447 tuperboa,
1030 3382 1097 3425 non
1126 3358 1183 3421 uni

155 3496 281 3561 temper
307 3466 428 3547 tooure
444 3464 567 3561 ‘deum,
600 3494 693 3566 atque
723 3484 767 3545 ita
782 3478 967 3546 *communia
995 3478 1052 3542 lati
1080 3475 1181 3539 conei-

155 3588 337 3669 deratione,‘
361 3594 449 3679 qnod
469 3597 545 3660 aliae
567 3596 621 3659 alii
645 3597 821 3674 incumbat,
854 3598 978 3659 solatur
996 3612 1104 3674 graves
1128 3611 1181 3652 na·

153 3724 293 3784 runmaa,
314 3720 463 3771 eventum
479 3730 555 3772 vero
571 3721 718 3773 votorum
737 3730 867 3773 suornm
881 3706 1015 3770 Veneria
1033 3704 1182 3786 aequitati

153 3818 364 3883 commendat.
406 3821 487 3885 Dixi
506 3820 626 3885 dehoc
648 3825 735 3886 exitu
757 3822 820 3884 iam
842 3842 947 3904 supra.
987 3819 1118 3883 Voaaiua
1140 3815 1178 3878 ed

153 3932 321 3999 Marsuam
341 3942 495 4003 revocauu
517 3940 636 4017 locum,
664 3951 770 4021 percat
793 3958 863 4000 cuna
885 3940 952 4001 aliie
973 3932 1090 4009 modia,
1114 3943 1181 3994 tum

155 4067 210 4124 eo,
240 4048 328 4133 quod
348 4053 499 4117 historica
520 4057 646 4118 aubeaae
670 4066 761 4135 putat
781 4054 874 4115 etiam
896 4053 957 4127 ibi,
987 4050 1043 4112 ubi
1067 4049 1181 4111 tolum·

156 4159 251 4224 modo
279 4166 403 4245 poetica
430 4169 584 4231 tentantia
615 4179 674 4243 eat,
708 4188 765 4229 nee
795 4160 875 4249 quid
898 4184 956 4247 per
984 4186 1016 4228 ao
1047 4166 1182 4246 postulet
