3009 4725
336 405 377 464 et
572 398 852 466 COMMENTAR.
873 402 917 465 IN
939 401 1112 468 TIBULLI

334 584 392 644 pet
411 575 516 637 vieta,
541 570 565 625 h.
583 587 607 624 e.
629 573 714 625 vincat
730 579 759 626 et
780 581 907 642 occupet,
931 591 953 627 o.
971 576 1047 643 piane
1065 574 1192 642 deprimat
1214 585 1241 631 et
1259 594 1353 634 eomo-

335 673 397 741 piat.
435 672 557 723 Ceterum
577 669 643 724 bene
667 671 800 725 confertur
820 673 963 726 Prorua'r.
982 672 1030 738 111,
1050 676 1092 738 lo,
1111 676 1161 727 422
1189 675 1285 747 Atque
1302 679 1352 731 hoo

333 770 480 824 sollicitum
498 769 572 821 vince
589 787 682 839 aopon
698 778 791 840 caput.
826 771 886 822 Str..
905 772 981 824 iare.
1001 771 1060 836 vll,
1077 775 1145 826 204:
1169 775 1262 825 Donec
1279 794 1351 828 oom-

330 865 422 936 posuit
448 865 587 915 luctantia
613 863 716 916 Ιαιαὶιια
740 881 856 917 somnos.
899 864 960 918 Noii
982 865 1063 932 igitur
1087 866 1148 918 vino
1170 869 1293 936 auppiere
1315 870 1349 921 ad

332 964 420 1029 victa,
438 964 482 1015 ubi
501 964 607 1032 propior
623 977 674 1015 vox
692 980 787 1031 aopor;
813 943 846 1014 ao
860 961 932 1015 nihili
950 969 991 1016 eet
1006 961 1070 1018 hoco
1086 971 1116 1018 ut
1133 967 1243 1034 primum
1261 969 1347 1022 uinum

332 1066 433 1128 vincet,
462 1062 555 1116 deiude
578 1077 684 1115 aomuua
707 1068 827 1130 occupet.
844 1088 881 1104 -
910 1061 1005 1116 seui.
1044 1066 1157 1119 Voaorue
1180 1069 1281 1121 ieiune:
1303 1072 1348 1136 qui

331 1164 375 1215 diu
398 1178 489 1215 aomao
514 1162 597 1214 caruit
622 1159 683 1227 (der
702 1159 884 1227 Vervactum).
921 1162 1014 1215 Potiua
1032 1178 1138 1218 terrun
1161 1172 1191 1218 ut
1215 1166 1299 1220 ieaaua
1322 1169 1348 1221 iu

329 1277 447 1315 somnum
464 1259 582 1312 incidam.
619 1259 665 1311 Sic
683 1258 744 1310 αἰαα
763 1259 935 1328 auppieudum
953 1278 1013 1315 cum
1031 1262 1161 1330 Homo,
1178 1280 1231 1318 uon
1249 1266 1348 1318 dolori·

329 1360 379 1414 ius
396 1376 455 1415 oum
475 1360 707 1412 Wuuouuuromo·
747 1358 903 1426 Compireut
927 1361 995 1413 euim
1020 1361 1099 1414 verbu
1120 1371 1244 1431 occupet,
1266 1363 1348 1434 seori,

327 1461 402 1511 victo
419 1459 452 1512 ad
469 1458 578 1512 eandem
596 1461 758 1514 aeoteutiam.
795 1463 833 1513 Ao
850 1462 970 1514 consulto
988 1464 1134 1516 cumulatur
1150 1466 1235 1517 oratio
1253 1466 1279 1517 in
1298 1464 1348 1518 iroo

328 1563 432 1616 uii'eetu.
457 1589 494 1601 -
525 1561 649 1627 Meo.
674 1562 778 1613 muito
807 1561 989 1630 periurum
1017 1570 1174 1631 tempora
1200 1562 1346 1617 Baeeiro.

327 1662 441 1715 Locutio
455 1658 638 1728 metaphorica.
674 1658 806 1727 Tempore
820 1666 926 1725 gravata
941 1661 1074 1727 sentimur,
1091 1661 1137 1712 ubi
1150 1677 1255 1715 aomuua
1269 1664 1346 1715 veuit.

327 1759 404 1813 Nunc
422 1758 541 1827 periurus
560 1765 679 1825 tempora
701 1756 761 1809 uiao
779 1764 821 1809 eat
841 1758 885 1824 qui
903 1760 928 1810 ui
948 1760 999 1812 vini
1022 1762 1098 1828 piene
1116 1766 1192 1829 captu
1209 1770 1237 1815 et
1255 1763 1347 1815 obruta

327 1857 405 1910 habet
423 1864 557 1925 tempore,
575 1863 604 1909 ut
620 1859 736 1924 graviter
752 1859 872 1913 dormiat.
917 1862 952 1913 At
971 1861 1036 1913 iutra
1054 1861 1075 1925 1,
1093 1867 1120 1925 t,
1138 1866 1188 1914 iot
1215 1870 1243 1911 et
1261 1860 1347 1913 multo

326 1965 446 2025 tempora
458 1954 549 2025 fondo
564 1973 635 2007 mero
654 1962 708 2009 eote
725 1959 855 2011 incalesce
874 1961 933 2012 uiuo
951 1967 978 2012 et
996 1959 1110 2012 exhilaro
1129 1965 1156 2011 te
1174 1960 1297 2023 festivius,
1314 1968 1344 2013 ut

325 2057 435 2110 Hortum
456 2055 660 2121 0d.1,t‚ut:
685 2056 742 2107 uria
761 2060 853 2125 Lyaeo
872 2067 990 2125 tempora
1009 2064 1068 2109 eunt
1086 2057 1183 2121 calida,
1201 2055 1343 2111 exhilarata

325 2159 393 2212 uiuo.
430 2155 497 2209 Nem
515 2162 542 2207 et
561 2152 686 2207 exhilarat
704 2156 791 2208 uiuum
807 2164 835 2209 et
852 2157 938 2225 pouiio
957 2156 1053 2220 iargiua
1069 2161 1197 2220 sumptum
1213 2157 1341 2225 oouaopit.

326 2256 448 2307 Ceterum
466 2253 612 2307 notiaaimaa
628 2254 712 2320 quivis
729 2253 779 2306 aoit
797 2252 954 2305 locutiones:
973 2251 1033 2301 vino
1048 2250 1163 2307 medere,
1183 2249 1284 2323 tingui,
1301 2255 1343 2307 ir-

325 2352 445 2422 rigatum
463 2369 534 2418 esee,
554 2350 679 2422 proluere
698 2369 740 2409 se,
758 2352 915 2420 βρέχεσθαι,
933 2341 1140 2420 ιῗαοβεβαέχθαι,
1159 2355 1342 2418 βεβαπτίσθαι

325 2453 397 2515 οϊνῳ,
423 2451 481 2504 vido
504 2452 605 2506 Joauu.
633 2451 761 2503 Lrvrrouor
785 2456 861 2502 notea
888 2456 916 2502 et
939 2449 1047 2502 Huuun
1072 2449 1239 2518 Obaerratt.,
1262 2470 1342 2522 porro

323 2549 521 2604 Horaruruor.
549 2551 582 2603 ad
607 2549 715 2602 Luciam
741 2547 809 2600 Diei.
836 2548 916 2601 Deor.
942 2548 1049 2615 xxm,
1079 2549 1186 2618 Bipont.
1208 2550 1285 2605 Tem.
1306 2552 1341 2618 11,

323 2668 348 2718 p.
362 2653 424 2702 ³2⁴.
444 2657 472 2703 et
489 2651 594 2704 laudata
609 2649 645 2702 ab
663 2648 845 2701 flammam
865 2647 900 2701 aei
917 2647 1010 2701 Horat.
1027 2648 1084 2702 Sat.
1101 2647 1136 2714 11,
1155 2652 1180 2714 1,
1195 2652 1221 2701 9.
1239 2666 1264 2717 p.
1277 2654 1339 2703 28³.

322 2749 397 2802 Adde
416 2750 564 2817 specialiter
579 2749 612 2803 tie
632 2751 764 2802 locutione
781 2749 842 2801 vino
861 2749 967 2801 oportere
989 2749 1193 2803 Wuuuuaurou.
1211 2750 1244 2802 ad
1261 2750 1296 2816 ΙΙ,
1317 2755 1340 2813 1,

320 2852 366 2914 29,
382 2848 440 2902 iuir.
476 2850 594 2914 Denique
613 2850 647 2901 de
670 2865 766 2916 magma
786 2851 913 2904 ebrietate
937 2867 1012 2904 urum
1038 2850 1132 2905 habeut
1154 2850 1232 2905 haece
1256 2834 1362 2903 ictum'

321 2959 418 3020 eaput,
437 2967 538 3022 quaeso
556 2958 675 3019 tempora
695 2951 772 3006 vino,
798 2952 963 3001 διασείεσθαα
979 2947 1043 3009 τούς
1061 2947 1207 3023 κροτάφους
1223 2944 1341 3005 ὖαό’τοῦ

320 3043 451 3117 ἀκράτου,
470 3052 603 3100 σεσεῖσθαι
618 3050 705 3115 μέθῃ,
724 3046 971 3114 συγκεραυνωθῆναι
989 3049 1048 3113 οἴνῳ
1067 3054 1176 3118 φρένας,
1193 3047 1340 3111 ἀμπελίνοις

319 3143 403 3207 τόξοις
420 3147 550 3215 δαμῆναι,
568 3145 602 3196 de
621 3145 715 3210 quibua
733 3145 777 3197 adi
798 3144 893 3198 Harii.
911 3145 937 3197 iu
957 3146 1108 3201 Obaervutt.
1126 3155 1153 3199 et
1171 3148 1288 3203 Lreoru.
1305 3150 1340 3202 ad

319 3246 465 3301 Architecti.
483 3262 509 3314 p.
529 3246 589 3296 122.
614 3243 657 3297 ed.
674 3260 727 3299 reo.
765 3245 840 3299 todo
865 3261 913 3300 uoa
936 3246 970 3299 od
994 3244 1077 3299 Pruu.
1103 3246 1207 3313 Fregm.
1231 3267 1256 3316 p.
1275 3253 1337 3300 671.

317 3343 405 3399 Etiam
426 3343 475 3398 too
498 3345 556 3397 ioeu
580 3344 606 3397 iu
623 3342 778 3410 quibusoam
795 3350 839 3420 opt
858 3360 1021 3411 percursus,
1047 3336 1271 3398 perincommoda
1293 3352 1338 3397 eut

317 3446 456 3499 violentiae
469 3445 551 3512 notio,
568 3444 626 3497 aliie
636 3458 739 3510 quoque
751 3442 917 3506 notantibue3
933 3457 984 3494 uou
1000 3443 1114 3510 portuiat
1125 3448 1156 3493 ut
1170 3440 1338 3509 percutiatur,

316 3550 346 3596 ut
363 3546 443 3595 ictum
460 3544 608 3597 sauciumre
625 3557 698 3596 mero
712 3547 790 3609 eaput
807 3539 910 3609 habeat,
928 3542 973 3595 ted
988 3542 1071 3594 ieoioa
1083 3540 1189 3594 verbum
1206 3540 1337 3608 praeferre
1378 3604 1384 3617 Ι

317 3644 408 3695 debuit
427 3643 547 3710 idemque
565 3647 676 3699 maxime
689 3644 913 3699 accommodatum
932 3643 1075 3713 proiuudue
1092 3644 1187 3710 quietio
1204 3644 1338 3711 signitea-
1392 3696 1397 3703 .

316 3741 389 3805 timui,
407 3755 459 3807 qua
476 3755 588 3795 mertum
605 3744 678 3813 eupit
695 3744 815 3798 animum.
830 3770 866 3782 —
885 3743 1096 3811 requiescit,
1112 3743 1235 3797 Carmo.
1253 3743 1288 3810 11,
1302 3748 1337 3797 fle

315 3856 375 3893 cum
392 3840 487 3913 gravia
511 3842 659 3914 oequieaoit
682 3844 778 3903 ordor,
806 3850 973 3914 comparante
990 3845 1107 3898 Srrrro.
1143 3841 1337 3896 Deiudioativo
1377 3879 1382 3887 .

315 3945 473 4013 praesentio,
494 3946 538 4010 qut
557 3950 628 3996 reete
646 3943 673 3997 iu
690 3946 821 4013 pieriuque
839 3947 957 3999 omuibus
975 3946 1049 3998 iibria
1066 3951 1107 3998 eat
1122 3959 1161 4012 pr.
1179 3943 1336 4015 requiescet,

312 4041 372 4093 vide
391 4042 552 4094 Humuorr.
571 4040 604 4091 ed
621 4039 717 4092 floret.
735 4043 792 4093 Sat.
812 4043 831 4104 i,
851 4047 878 4107 ⁶,
896 4047 940 4094 w.
959 4042 1019 4095 cuii.
1039 4048 1128 4096 annot.
1147 4048 1230 4095 uootr.
1249 4041 1282 4093 ad
1299 4039 1336 4104 11,

312 4140 339 4202 a,
352 4141 379 4191 8.
416 4134 539 4191 Ceterum
558 4143 667 4191 oooatur
684 4138 788 4207 quidem
808 4147 885 4208 poeta
903 4144 1041 4213 oouoopire
1058 4142 1197 4208 effectum,
1215 4140 1260 4197 red
1279 4136 1334 4192 iru-
