3009 4725
582 384 769 453 TlBULLl.
1114 418 1184 459 cxci

156 571 225 635 cani
248 571 382 652 fingunt.
428 567 507 630 Cum
532 567 626 648 igitur
647 541 718 648 pust
740 562 820 628 dieta
841 563 1054 631 antecedentia
1076 571 1182 632 onmia

157 688 278 748 clausae
307 693 459 746 maneant
492 682 595 759 iorem
632 681 772 743 erraviter
803 677 898 743 ducta
929 679 1003 742 inde
1032 684 1183 744 orationie

157 798 259 860 forma
279 797 434 860 exclamat
454 807 603 877 repente:
631 813 708 854 num
731 791 863 856 deorum
884 792 964 856 inam
983 795 1120 874 incurri,
1148 809 1184 857 nt

157 912 265 975 irritae
288 929 384 973 vocet
410 927 499 971 meae
526 901 613 969 aiut?
655 904 707 968 sic
733 906 827 968 etiam
850 908 902 969 hic
923 909 1058 991 abrupta
1080 911 1182 971 oratio

158 1023 383 1103 pulcherrima.
441 1022 604 1082 Postremo
636 1018 745 1081 afferri
773 1016 865 1081 debet
895 1021 983 1081 locun
1012 1023 1042 1100 1,
1068 1026 1104 1100 5,
1128 1025 1182 1087 47.

161 1155 258 1216 quem
282 1133 419 1194 Baebius
446 1145 476 1193 et
497 1133 681 1194 Huschlriue
708 1154 808 1213 prava
835 1133 1087 1215 interpunctione
1112 1155 1186 1198 aar·

160 1267 286 1327 rupere.
330 1243 390 1308 Sed
419 1244 563 1306 Tibullus
593 1257 667 1325 poet
695 1247 923 1326 expositionem
951 1266 1183 1326 aerumnarum,

160 1377 238 1443 quae
269 1359 380 1420 Deliae
414 1357 546 1440 perfidia
580 1358 610 1419 ei
641 1359 804 1435 ittulerat,
844 1361 957 1439 plenue
990 1357 1098 1422 dolore
1130 1360 1181 1422 hia

158 1474 262 1539 verbis
290 1473 427 1554 graviter
453 1473 557 1553 pergit
586 1467 626 1531 ad
655 1489 764 1532 caueae
795 1472 962 1534 infortunii
990 1475 1181 1557 alteramque

160 1585 304 1647 carminis
333 1598 477 1667 partem:
517 1585 604 1647 Haec
634 1604 752 1645 nocuere
781 1584 863 1661 nubi,
902 1586 979 1668 qued
1007 1587 1089 1649 adest
1117 1589 1182 1649 buia

159 1698 235 1758 dues
265 1709 394 1775 amoma,
428 1700 506 1759 Venit
534 1702 563 1758 ia
592 1701 707 1757 exalatam
734 1697 842 1758 callida
871 1698 935 1758 lena
961 1718 1069 1775 mmm,
1105 1719 1182 1779 pre-

160 1812 262 1871 iectus
286 1813 379 1872 etiam
399 1811 451 1873 hic
473 1834 492 1872 a
512 1823 579 1873 toto
601 1812 769 1892 complexu
794 1809 1043 1874 antecedentium
1064 1832 1182 1877 rerum.

162 1924 268 2005 Atque
293 1924 368 1984 haec
394 1920 433 1984 de
456 1923 516 1984 hie.
557 1923 718 1986 Poetremn
742 1923 766 1985 ii
787 1943 913 2004 quoque
935 1924 998 1985 loci
1018 1926 1183 2005 abruptam

161 2037 337 2098 orationem
365 2035 498 2113 habent,
525 2037 558 2098 in
588 2037 703 2119 quibus
728 2037 833 2097 subito
856 2046 997 2096 mutatur
1019 2037 1183 2098 sententia.

160 2148 224 2211 Sed
253 2147 292 2210 de
321 2149 379 2211 hac
404 2149 504 2228 figura
531 2169 625 2229 supra
653 2146 779 2210 abunde
808 2148 994 2230 expositum.
1036 2148 1111 2210 Poet
1135 2151 1183 2212 vi-

161 2260 314 2323 ridiorem
341 2272 465 2324 motum
493 2273 739 2323 consentaneum
768 2238 814 2324 est
841 2259 879 2324 ad
905 2260 1093 2325 sedationem
1119 2275 1182 2324 ata-

163 2389 229 2436 tum
259 2375 402 2438 revocari
431 2388 586 2453 mentem3
627 2395 725 2457 quare
759 2396 830 2438 cum
861 2379 997 2440 maxime
1031 2377 1183 2439 naturalia

163 2488 241 2548 haee
268 2488 396 2551 mutatio
426 2488 485 2566 eit,
520 2487 594 2548 lieet
622 2500 750 2568 repente
779 2487 851 2565 liat,
888 2510 956 2551 non
990 2488 1184 2553 offendimur

164 2618 269 2680 neque
304 2602 365 2663 hoc
405 2600 530 2664 nomine
568 2612 755 2663 accerserunt
792 2600 963 2663 Tibullum.
1026 2603 1072 2664 Ut
1103 2604 1184 2664 nihil

162 2726 327 2794 praeterea
357 2712 477 2776 addam.
518 2715 568 2776 Tu
592 2734 670 2777 vero
699 2726 771 2795 poet
798 2714 875 2775 haec
903 2716 1008 2777 omnia
1038 2736 1183 2797 quaeras,

161 2847 229 2911 quo
253 2827 322 2892 iure
352 2828 481 2890 omnino
512 2827 667 2890 exstiterit
694 2829 751 2889 iate
781 2826 898 2890 clamor
926 2825 965 2889 de
994 2830 1070 2891 lucie
1102 2833 1183 2891 male

161 2940 273 3004 vinetia
295 2938 379 3023 apud
398 2941 575 3017 Tibullum,
600 2940 655 3023 qui
677 2939 817 3020 egregius
838 2939 951 3002 artifex
974 2950 1034 3016 eet,
1054 2939 1185 3002 vitiosae

162 3064 269 3113 antem
296 3054 446 3115 transitus
476 3072 633 3134 nusquam
662 3053 776 3131 habet,
814 3053 916 3135 qualis
946 3050 996 3114 hic
1025 3062 1071 3113 eet
1100 3048 1185 3133 apud

162 3160 360 3245 Lygdamum
392 3164 454 3242 111,
478 3170 515 3242 6,
539 3169 601 3231 13οι
642 3163 724 3226 Nam
754 3164 800 3225 ibi
820 3165 871 3224 Ille
902 3164 971 3224 dau
1000 3162 1099 3225 Amor
1130 3172 1185 3242 eet,

164 3295 237 3336 cum
271 3289 374 3339 tamen
410 3273 450 3337 de
487 3275 571 3338 curia
608 3275 735 3359 quidem
775 3276 889 3338 ameria
926 3272 1042 3336 dictum
1077 3275 1118 3337 eit
1152 3277 1187 3338 in

163 3385 436 3466 antecedentibus,
477 3409 543 3449 non
578 3401 681 3451 autem
714 3387 753 3450 de
788 3386 846 3450 deo
876 3386 1012 3465 Amore,
1057 3385 1113 3448 aad
1146 3385 1186 3449 de

162 3500 299 3564 Baccho.
355 3499 451 3583 Apud
482 3502 644 3563 Tibullum
679 3488 778 3562 unum
809 3499 975 3561 transitum
1009 3498 1188 3581 improbavi

162 3612 210 3689 ll,
235 3620 272 3691 3,
294 3619 347 3676 33.
374 3617 444 3692 34„
485 3613 541 3676 aed
570 3635 643 3676 eum
673 3615 707 3675 in
736 3611 891 3689 carmine,
931 3607 1018 3695 quod
1046 3613 1187 3677 ultimam

164 3745 292 3787 manum
320 3728 457 3789 auctorit
489 3747 552 3788 non
581 3723 707 3788 videtur
736 3737 918 3807 expertum,
952 3746 1011 3786 nec
1038 3727 1186 3789 ritineum

162 3836 248 3898 hunc
273 3837 362 3918 dico,
392 3837 450 3900 eed
474 3858 539 3901 nen
564 3839 735 3920 optimum,
765 3839 821 3921 qui
845 3838 916 3916 eligi
942 3849 1075 3918 peterat.
1119 3835 1187 3902 Ob·

163 3952 286 4015 eervavi
319 3971 397 4015 vero
433 3952 526 4011 etiam
559 3952 709 4032 pulchros
743 3946 928 4012 transeundi
959 3947 1071 4011 modae
1103 3971 1188 4014 com·

163 4061 289 4144 phuae,
337 4084 418 4148 quea
454 4077 563 4127 notare
598 4061 756 4126 debebant
788 4064 844 4143 qui
879 4074 943 4124 tam
977 4066 1115 4145 prompti
1148 4065 1187 4127 ad
