3009 4725
298 404 358 461 102
532 394 746 461 COMMENT
750 398 814 460 AR.
835 399 880 461 ΙΝ
902 398 1076 463 TIBULLI

298 582 358 620 nem
382 564 486 619 admisit
510 579 543 617 ex
568 572 680 633 ntroqne
704 580 804 634 genere
828 569 951 624 mixtam
979 572 1001 623 si
1027 584 1107 639 ponas
1132 573 1245 625 carmina
1266 588 1315 627 noo

299 684 367 732 esse,
385 683 436 720 oon
455 666 575 719 nituisset
591 667 664 720 ebur,
700 668 769 722 Vide
787 671 862 739 plura
879 670 913 724 de
928 668 966 724 his
982 671 1215 725 constructionibus
1232 690 1316 743 eupo-

299 768 351 819 sita
368 767 394 818 iu
413 768 464 818 tine
482 766 676 821 Dissertationis
694 767 728 821 de
745 767 904 823 Eioontione
921 769 1026 824 Tibuiii.
1041 798 1078 808 -
1094 771 1232 824 Postremo
1251 772 1316 825 iraee

299 867 415 934 eorporis
439 866 549 935 partium
573 865 747 920 fabulosarum
771 869 849 921 aiiate
873 869 991 936 exempla
1015 875 1124 936 apparet
1147 883 1223 935 quam
1248 869 1314 922 bene

300 964 359 1018 huie
384 966 442 1018 ioeo
468 967 635 1031 conveniant,
663 964 708 1019 nbi
726 968 814 1035 pueris
831 966 989 1029 ostenditur,
1017 964 1041 1016 si
1064 972 1143 1033 poeta
1160 966 1268 1020 soranam
1286 975 1314 1021 et

301 1062 516 1131 pniebritudinem
534 1066 613 1118 amati
631 1065 817 1130 celebraverit,
836 1064 913 1116 etiem
931 1063 1063 1115 mirabiles
1082 1064 1171 1116 landes
1187 1064 1314 1119 creditum

299 1166 331 1219 iri
355 1166 388 1218 ab
412 1164 563 1220 bominibus.
608 1166 696 1221 Loeus
718 1166 808 1218 similis
834 1165 917 1217 ono.
940 1165 997 1218 Art.
1016 1168 1075 1218 Am·
1093 1164 1141 1231 lli,
1157 1168 1228 1219 biibs
1258 1167 1316 1217 Noa

295 1263 420 1336 facimus
438 1263 562 1333 placitae
586 1263 643 1315 lota
665 1262 809 1333 praeconia
820 1262 930 1334 formae
947 1270 999 1317 etc·
1016 1291 1052 1301 -
1087 1265 1121 1319 V.
1139 1269 1175 1317 oo
1190 1279 1229 1336 pq.
1266 1280 1317 1317 re-

301 1362 429 1429 ferent,
458 1362 560 1429 dicent,
586 1365 773 1418 memorabunt.
816 1366 882 1418 Mox
901 1364 935 1417 ad
953 1366 1099 1431 elegantem
1117 1365 1314 1430 collocationem

300 1466 435 1518 verborum
466 1466 581 1519 attende.
628 1466 692 1520 Post
719 1466 814 1519 verba:
847 1466 976 1519 robora
1003 1467 1127 1532 teiius,
1154 1482 1206 1519 noo
1235 1466 1315 1520 dixite

300 1563 363 1616 ἅυηι
380 1565 608 1622 atellaecaelum.
638 1566 686 1619 sed
709 1566 783 1619 dum
810 1567 941 1620 caeinm
968 1568 1116 1633 stelias,
1142 1573 1173 1619 ut
1190 1566 1273 1619 tellus
1290 1575 1318 1620 et

301 1666 405 1718 cneium
421 1668 471 1720 sibi
489 1673 682 1736 opponerentur
698 1668 819 1721 maxime.
855 1667 924 1721 Tum
940 1668 966 1720 in
982 1670 1062 1721 tertio
1077 1669 1194 1722 membro
1208 1667 1319 1736 vehet,

301 1768 468 1836 quodetiam
491 1745 724 1822 ceterisinnotnm
745 1775 787 1822 est
811 1784 858 1839 per
884 1784 1011 1837 zeugma,
1040 1769 1123 1837 primo
1146 1770 1204 1822 ioco
1223 1771 1318 1838 posuit,

301 1865 335 1919 de
358 1882 410 1933 quo
434 1867 559 1919 monitum
583 1866 617 1919 ad
640 1867 663 1933 1,
692 1871 717 1933 1,
741 1870 787 1919 bi.
830 1868 968 1920 Sententia
991 1865 1104 1935 deniqne
1128 1874 1183 1921 tota
1209 1868 1242 1922 de
1268 1869 1318 1922 im·

300 1967 458 2019 mortalitate
482 1965 638 2019 carminibus
662 1964 751 2018 debita
774 1965 910 2018 notissima
932 1972 973 2017 est
996 1981 1011 2019 e
1037 1966 1154 2034 pinrimia
1171 1966 1264 2036 poetis.
1282 1994 1317 2005 -

300 2065 333 2117 v.
351 2070 396 2118 ot.
414 2069 458 2118 68.
483 2079 547 2117 non
566 2064 679 2131 audit,
703 2067 803 2136 spernit
820 2066 960 2120 amatorios
977 2081 1067 2119 versus
1085 2070 1112 2118 et
1131 2082 1221 2119 aarum
1240 2082 1319 2135 prae·

300 2168 359 2221 iert.
378 2196 414 2210 -
437 2167 561 2220 idaeae
579 2167 680 2237 Opis,
699 2166 829 2233 Cybeles,
847 2181 957 2231 magnae
975 2165 1069 2217 Matris
1085 2163 1171 2218 deum.
1206 2164 1317 2231 Proprie

300 2268 404 2336 quidem
427 2271 477 2323 niia
495 2269 544 2322 init
566 2269 657 2322 itaiiea
681 2268 731 2322 dea
751 2267 823 2335 Ops,
849 2266 899 2317 aiia
915 2263 1032 2330 Phrygia
1050 2263 1164 2329 cybele,
1191 2263 1237 2316 sed
1256 2278 1316 2316 oum

300 2368 388 2421 indoie
405 2369 501 2422 simiies
520 2377 615 2435 essent,
633 2374 723 2437 postea
740 2367 941 2431 consummat,
958 2365 1164 2418 vidcnsozsur
1178 2362 1270 2429 Symb.
1281 2365 1316 2430 ii,

301 2488 327 2538 p.
345 2474 390 2521 68.
427 2471 535 2537 Signum
555 2468 668 2536 Cybeles
693 2468 718 2519 in
744 2481 822 2519 curru
848 2464 976 2519 vehebant
998 2481 1046 2534 per
1071 2465 1150 2517 urbes
1167 2464 1318 2534 sacerdotes

301 2571 372 2623 Gaiii
399 2577 426 2624 et
450 2573 543 2640 stipem
568 2569 741 2637 coiiigebant,
769 2568 821 2620 viie
846 2582 929 2634 genus
953 2564 1085 2618 hominum
1112 2571 1141 2617 et
1168 2565 1316 2631 fanaticum,

303 2688 368 2741 qnos
388 2680 488 2727 constat
505 2675 532 2726 in
551 2672 632 2726 sacris
649 2671 715 2725 deae
732 2671 822 2723 insano
840 2666 928 2719 tutore
952 2665 1037 2718 viriiia
1057 2663 1107 2717 sibi
1125 2665 1267 2718 abscidisse
1284 2665 1319 2718 ad

304 2770 434 2842 Phrygios
452 2766 551 2827 modos.
588 2773 716 2826 Conieras
734 2772 813 2823 etiam
831 2767 865 2820 de
881 2766 920 2819 bis
938 2766 1085 2819 Cunnum
1102 2766 1220 2833 Symboi.
1237 2765 1271 2817 T.
1282 2766 1319 2819 ΙΙ.

304 2890 329 2941 p.
350 2876 386 2926 40
405 2889 461 2940 sqq.
497 2872 527 2924 ln
545 2872 632 2924 verbis
655 2871 753 2923 Tibniii
780 2870 891 2939 primum
915 2866 1021 2921 attende
1037 2867 1073 2920 ad
1090 2867 1142 2921 vim
1158 2867 1318 2936 pronominis

302 2972 375 3029 iiia.
411 2974 448 3026 Ut
465 2971 522 3025 bier
541 2970 597 3039 qni
615 2968 787 3023 vendit-
804 2969 866 3023 iiie
884 2975 1067 3036 sequatur,
1086 2967 1205 3022 similiter
1222 2970 1320 3022 Graeci

305 3066 319 3124 ὅ
338 3074 384 3138 ot,
409 3070 434 3124 is
453 3088 516 3123 uero
535 3084 594 3124 eom
611 3068 637 3120 vi
655 3072 756 3136 ponunt
773 3066 800 3118 in
817 3066 932 3119 secondo
950 3067 1082 3133 membro,
1101 3066 1204 3136 dequo
1222 3083 1320 3134 genera

305 3176 402 3244 primus
418 3171 560 3241 disputavit
575 3160 771 3222 Bonnanunoa
789 3167 822 3221 ad
837 3167 975 3237 Sophoclis
988 3165 1160 3221 Philoctetam
1178 3172 1254 3221 ndo.
1266 3172 1320 3233 et„

302 3283 365 3343 post
382 3274 565 3327 Buttmannnm
582 3267 763 3323 Hsnusurros
783 3269 887 3323 ibidem.
923 3268 1000 3338 Apud
1026 3268 1159 3322 Tibniiurn
1184 3269 1274 3323 eonier
1296 3270 1319 3336 Ι,

192 3386 199 3399 ·
302 3376 392 3437 ²2³9·
411 3379 439 3426 et
455 3370 515 3424 vide
533 3383 611 3441 porro
629 3369 663 3422 de
680 3369 706 3421 vi
726 3370 883 3436 pronominis
901 3367 935 3420 ad
952 3368 986 3434 11,
1004 3372 1031 3433 ³,
1048 3372 1093 3422 26.
1112 3396 1147 3409 -
1174 3370 1208 3424 V·
1227 3373 1262 3422 69
1280 3386 1320 3435 sq.
1371 3400 1375 3409 ·

304 3473 486 3525 erroribus
515 3471 671 3540 expleat,
699 3475 841 3537 percurrat.
886 3469 1130 3522 Wunoseormnos
1155 3475 1182 3521 et
1208 3468 1321 3520 Huson-

304 3586 369 3626 nos
398 3570 533 3649 conferunt
559 3572 674 3624 Vnam.
700 3572 768 3623 Aen.
792 3569 854 3635 xil,
871 3573 940 3622 76³:
970 3567 1093 3640 Quinque
1116 3565 1191 3620 orbes
1213 3565 1321 3637 explent

305 3685 396 3720 eursu.
431 3668 577 3721 Ponsonns
595 3669 728 3722 Tibniium
746 3666 835 3721 iaudat
852 3666 884 3720 ad
903 3667 1064 3722 Enr.0rest
1082 3672 1127 3722 54.
1144 3669 1189 3721 nbi
1207 3668 1322 3737 explicat

303 3768 397 3822 verba:
424 3768 514 3829 λιμένα
531 3767 561 3819 di
578 3769 737 3821 Ναυπλίειον
755 3770 888 3840 ἐκπληρῶν
906 3765 1004 3837 πλάτῃ.
1022 3797 1058 3809 -
1081 3770 1123 3822 tid
1148 3768 1324 3837 Phrygios

304 3867 437 3935 modos,
455 3866 488 3921 ad
507 3864 639 3936 Phrygiae
658 3867 807 3922 barmoniae
824 3867 926 3933 modos,
943 3883 994 3936 qna
1012 3869 1151 3922 utebantur
1167 3869 1193 3922 in
1209 3868 1324 3935 Cybeles

303 3960 393 4015 saeris.
413 3991 448 4002 -
484 3968 590 4016 saoat
626 3961 767 4031 Proprium
793 3963 899 4017 verbnm
924 3962 958 4016 de
982 3962 1033 4016 ista
1058 3964 1236 4032 amputatione
1260 3962 1324 4015 viri-

303 4060 374 4113 lium.
411 4059 739 4126 om.1²sse1v‚nnr=
772 4059 848 4111 Unde
867 4059 957 4118 venit,
987 4059 1059 4117 dixi,
1077 4077 1131 4113 auu
1148 4058 1264 4112 naembra
1281 4078 1323 4112 ae-

305 4157 386 4210 candi
401 4157 541 4229 impetus?
575 4159 613 4213 Et
637 4161 663 4212 in
681 4158 748 4214 ibid.
766 4162 835 4214 too:
866 4160 1062 4232 Attonitusque
1086 4177 1173 4215 seces,
1200 4166 1234 4210 ut
1258 4173 1324 4230 quoe
