3009 4725
484 408 593 472 LlBli.
616 412 639 471 l.
685 409 806 474 ELEG.
828 414 885 475 lx.
1137 423 1196 477 187

177 597 235 636 cnm
255 582 324 650 turpi
343 594 442 649 puero,
469 581 599 632 renuntiat
617 579 708 633 ioedus
725 581 828 633 amotis.
866 581 921 634 Cur
940 581 1069 637 Hermus
1088 582 1136 638 hoc
1156 584 1197 636 di-

176 680 277 736 sticbou
304 680 415 732 alienum
444 680 555 745 iudicet,
583 696 641 734 cum
666 681 723 752 aliis
748 696 801 734 nou
825 683 959 750 iutellig03
992 684 1104 738 maximo
1128 686 1196 736 euim

177 785 374 833 cousentaneum
394 778 472 831 etiam
491 793 573 846 puero
592 793 701 846 poenam
721 777 834 835 decerni.
870 782 956 849 Atque
974 782 1074 848 agitare
1092 789 1194 849 poetam

176 876 310 930 discidium
334 878 413 929 etiam
431 878 457 929 iu
476 878 527 929 tine
545 874 704 941 videbimus,
728 877 773 930 ubi
792 878 908 946 pluribus
926 879 1040 948 explicet
1056 894 1111 931 rem
1129 893 1196 931 nuuc

175 974 289 1029 breuiter
310 975 456 1028 indicatam.
501 974 556 1027 Sed
582 974 624 1027 adi
642 974 881 1044 lrrtroductionem',
907 980 951 1032 ubi
969 981 1097 1048 poeticam
1116 981 1197 1032 ratio·

175 1090 234 1128 nem
252 1074 342 1129 barum
359 1090 445 1128 rerum
462 1074 549 1127 docui.
567 1103 601 1113 -
630 1075 663 1127 V.
681 1078 717 1128 53
735 1093 793 1143 sqq.
828 1077 954 1145 Sequitur
970 1081 1129 1148 corruptoris
1147 1082 1195 1132 im-

176 1175 309 1242 precatio,
326 1174 359 1227 de
375 1190 427 1242 qua
446 1173 494 1227 boc
513 1180 589 1226 tenea
615 1173 733 1226 Vidimus
750 1176 802 1227 iam
820 1177 926 1244 saepius
943 1177 970 1229 iu
986 1178 1197 1231 antecedentibus

177 1288 273 1342 poenas
300 1274 398 1344 optime
424 1272 633 1328 accommodatas
659 1273 824 1339 criminibus,
851 1281 929 1342 atquc
955 1274 1004 1329 boc
1027 1279 1105 1330 etiam
1129 1294 1197 1331 nunc

176 1372 282 1426 sactum.
319 1375 395 1429 Quae
414 1373 483 1425 enlm
501 1372 697 1425 convenientior
722 1387 807 1440 poena
830 1373 978 1442 corruptori
1004 1376 1092 1442 pueri,
1120 1391 1196 1442 quam

177 1480 207 1526 nt
225 1474 291 1527 alius
315 1475 340 1527 ei
365 1474 485 1527 similiter
502 1487 613 1526 uxorem
631 1472 804 1540 corrumpat?
839 1473 924 1539 Hinc,
949 1473 1081 1541 adultere,
1105 1475 1197 1542 inquit,

178 1578 235 1626 esto
252 1590 319 1628 uxor
337 1582 381 1628 tna
396 1591 445 1628 nec
464 1574 558 1629 cedere
583 1574 646 1626 velit
662 1574 746 1626 sorori
765 1578 825 1626 tnnc
844 1575 964 1642 pessimis
981 1575 1129 1628 libidinibus
1148 1575 1196 1629 de-

179 1669 257 1737 dltne,
273 1673 361 1737 immo,
378 1676 472 1741 pergit,
489 1677 541 1728 iarn
559 1673 635 1727 adest
655 1673 702 1726 tibi
721 1689 806 1742 poena
824 1672 904 1739 baec3
929 1680 1031 1727 constat
1048 1677 1116 1730 enim
1134 1675 1196 1729 mibi

179 1771 257 1822 certis
280 1771 362 1837 siguis
385 1787 493 1826 uxorem
520 1780 590 1827 tuam
617 1773 668 1827 lam
693 1772 789 1827 babere
813 1790 889 1828 usum
912 1774 1034 1828 furtivum
1059 1791 1118 1828 cum
1144 1776 1196 1829 alio

179 1867 244 1920 viro.
280 1868 354 1923 Haec
371 1873 554 1926 sententiarum
582 1875 649 1927 ratio
675 1881 732 1939 est3
760 1875 793 1927 ad
812 1874 991 1928 tractationem
1008 1875 1077 1942 quod
1096 1877 1197 1940 citium,

178 1967 204 2019 in
222 1965 449 2037 imprecationibus
466 1972 613 2025 memineris
629 1972 765 2025 Tibullum
790 1973 868 2026 etiam
892 1975 977 2042 turpia
1000 1989 1051 2027 uon
1069 1973 1196 2041 defugere

179 2068 269 2136 efferi,
294 2072 379 2138 qualia
401 2074 465 2126 elias
489 2089 542 2128 non
565 2082 636 2129 amat
661 2075 758 2128 castior
775 2075 852 2128 Musa
870 2075 934 2127 eius.
970 2075 1015 2129 Sic
1032 2075 1100 2142 eleg.
1118 2075 1151 2128 V.
1170 2076 1196 2127 in

178 2170 362 2240 imprecatione
379 2175 454 2228 lenae
471 2175 548 2230 foeda
566 2176 652 2244 legisti
670 2177 704 2229 ab
722 2177 782 2230 aliis
800 2176 957 2229 carminibus
975 2176 1068 2229 aliena.
1111 2177 1196 2228 Acce-

178 2268 217 2322 dit
233 2272 303 2337 qnod
321 2272 347 2325 in
365 2289 474 2342 puerum
492 2274 590 2342 scripta
608 2274 695 2341 elegia
715 2280 771 2339 est,
799 2273 870 2341 quod
888 2289 972 2341 genus
989 2287 1100 2342 poeseos
1118 2273 1196 2326 lasci·

179 2370 242 2424 vius.
260 2397 298 2412 -
321 2371 450 2425 Rideat
466 2374 476 2425 i
483 2373 594 2438 nnita,
619 2373 709 2439 ludat,
731 2371 845 2442 decipiat
864 2375 985 2444 impune,
1002 2380 1030 2426 te
1046 2388 1099 2427 uon
1117 2374 1197 2428 resci-

179 2477 276 2525 scente.
312 2473 354 2525 sd
371 2474 528 2526 locutionem
542 2474 788 2528 Wuunarturcnrus
801 2475 903 2528 confert
915 2475 1046 2529 Tanaum
1056 2475 1135 2529 Andr.
1150 2474 1198 2539 lll,

179 2573 206 2637 4,
222 2574 254 2625 42
277 2570 394 2624 deridere
411 2572 488 2625 doliu.
506 2601 542 2614 -
568 2575 634 2629 Mox
652 2576 786 2629 inrtlvo
812 2591 890 2640 asu,
915 2576 1116 2643 consuetudine,
1133 2592 1196 2632 con-

179 2670 278 2723 cubitu.
296 2672 379 2724 Ovrn.
396 2671 507 2729 Remed.
526 2674 584 2730 Am·
602 2679 665 2729 857.
685 2702 720 2714 -
738 2674 953 2743 interposita
971 2680 1069 2727 veste
1085 2678 1196 2741 cubet,

178 2786 230 2826 non
248 2771 368 2824 admittat
384 2772 519 2841 amplexus
536 2779 605 2827 tuos.
651 2774 701 2827 Est
718 2780 807 2826 antem
826 2768 909 2823 vestie
926 2770 1079 2823 obscurante
1097 2773 1196 2829 Vossro

178 2871 220 2926 bic
236 2873 376 2940 intuslum,
401 2874 457 2927 sive
474 2874 561 2927 tnuica
579 2875 692 2927 interula
709 2875 879 2939 seminarum,
906 2870 940 2927 de
957 2887 1009 2939 qua
1026 2870 1085 2923 vide
1101 2871 1196 2925 Bonu-

178 2986 306 3025 urcnnuar
333 2973 359 3024 iu
384 2971 473 3025 Sabin.
499 2971 576 3025 Tom.
593 2972 629 3025 ll.
654 2990 680 3040 p.
699 2977 760 3025 tra.
797 2973 920 3027 Ceterum
945 2977 1096 3041 comparant
1121 2971 1197 3023 Vun-

178 3087 247 3138 nrus,
265 3073 405 3137 Hamus,
420 3072 582 3125 Huscnrrrus
601 3072 711 3126 Luciam
729 3073 833 3141 Dialog.
854 3073 962 3125 Merett.
979 3070 1034 3124 Xlr
1062 3072 1107 3121 ant
1123 3069 1196 3126 τέλος

179 3171 322 3237 διετείχιζες
346 3170 378 3225 'cd
400 3169 497 3235 μεταξι)
520 3167 592 3235 ὑμῶν
616 3174 656 3242 τῷ
674 3172 786 3241 ἱματίῳ,
813 3169 905 3231 δεδιώς
927 3166 964 3242 μή
988 3165 1118 3233 ψαύσαιμί
1140 3185 1196 3220 nott.

179 3271 259 3326 Addit
275 3274 407 3329 linuatus
425 3274 518 3329 Horat
537 3275 622 3345 Epod.
639 3276 689 3343 111,
707 3278 767 3331 flur
785 3284 906 3327 extrema
923 3272 1026 3343 sponda
1044 3267 1149 3326 cubare,
1169 3277 1197 3322 ct

177 3369 341 3424 Eunomus
364 3373 484 3443 Propert.
508 3373 544 3439 II,
574 3377 618 3439 15,
642 3378 675 3427 6:
707 3372 845 3425 interdum
871 3370 966 3423 tunica
995 3369 1075 3421 duxit
1102 3379 1198 3439 operta

176 3490 284 3526 moram.
304 3499 340 3513 -
368 3474 400 3528 V.
418 3479 464 3531 or.
491 3480 638 3528 externa
661 3474 813 3544 vestigia
831 3479 893 3526 suut
909 3472 988 3524 alieni
1005 3472 1069 3537 viri,
1093 3478 1122 3525 ut
1140 3473 1196 3525 Lu-

177 3571 259 3624 cretia
275 3587 319 3641 sp.
338 3572 400 3628 Lm.
418 3572 440 3640 1,
457 3576 504 3627 bd.
521 3571 585 3627 dicit
601 3571 766 3625 laudantibus
784 3570 982 3640 interpretibus:
1003 3570 1127 3643 Vestigiu
1145 3570 1197 3622 oiri

177 3665 273 3734 alieni,
296 3669 442 3730 cellarino,
466 3670 496 3723 in
513 3670 583 3725 lecto
600 3679 667 3724 tunt
683 3678 742 3722 tuo·
778 3670 825 3722 Sic
842 3685 867 3723 v.
885 3686 909 3724 ο.
933 3671 1017 3726 Ovrn.
1035 3669 1144 3724 Heroid.
1163 3670 1196 3734 V,

179 3767 377 3822 Μικίωνα)
394 3770 486 3825 herus
504 3780 608 3829 autore,
626 3770 651 3825 b.
670 3786 694 3824 e.
712 3770 840 3837 adulteri,
858 3776 887 3823 et
904 3770 1015 3825 bletnm.
1032 3771 1105 3836 xlv,
1123 3774 1194 3823 δῦθι

181 3859 281 3913 Veners
302 3874 414 3919 externa
432 3869 545 3924 sedulia
563 3870 680 3943 foedera
696 3870 811 3926 loedere.
846 3870 916 3925 Vidn
933 3872 1046 3925 maxime
1064 3871 1194 3921 Baoucn-

177 3975 293 4014 numum.
311 3992 347 4003 -
384 3975 506 4035 pateat
530 3981 665 4042 aperte,
694 3975 840 4039 cumulate,
865 3972 890 4025 in
910 3970 995 4024 vivida
1013 3968 1141 4021 oratione.
1159 3996 1193 4005 -

179 4060 334 4128 cupidis,
351 4064 465 4131 1,s,so.
485 4068 794 4126 Nuucmoechisuut.—
813 4072 957 4137 Μίδης.
976 4067 1044 4120 Nec
1063 4065 1194 4118 lasciva

176 4174 282 4213 soror.
322 4162 494 4229 imprecatio]
520 4175 548 4219 ut
572 4184 650 4238 snpra
676 4173 804 4241 explicui,
831 4187 864 4223 eo
887 4168 1000 4237 pertinet
1019 4172 1045 4217 et
1064 4164 1194 4232 pertinere
