3009 4725
316 345 369 447 'ae
627 368 814 444 rmum
851 372 936 447 mn.
959 374 987 448 1.
1003 394 1029 451 ⁷.

358 555 482 657 Qualis
506 570 556 645 et,
587 569 720 648 arentes
746 583 824 630 cum
850 556 953 633 findit
977 557 1088 634 Sirius
1111 587 1230 660 agros,

406 696 543 774 Fertilis
568 696 692 772 aestiva
717 695 816 771 Nilus
841 697 994 773 abundet
1018 701 1128 800 aqua?

357 839 433 914 Nile
458 856 574 941 pater,
604 865 754 940 quanam
776 840 906 940 possim
932 856 964 914 te
986 839 1099 915 dicere
1120 870 1223 918 eausa

413 980 484 1055 Aut
509 979 636 1083 quibus
662 980 822 1055 interris
847 979 1035 1057 occuluisse
1061 984 1189 1085 caput?

315 1124 409 1198 25'l'e
429 1139 572 1226 propter
594 1121 708 1197 nullos
736 1121 835 1198 tellus
860 1140 918 1198 tua
948 1121 1101 1224 postulat
1125 1123 1271 1217 imbres,

411 1261 520 1338 Arida
540 1288 604 1338 nec
628 1260 749 1337 Pluvio
775 1262 946 1367 supplicat
970 1261 1078 1338 herba
1103 1265 1184 1339 Iovi.

357 1404 407 1477 Te
434 1404 526 1479 canit
549 1420 649 1505 atque
676 1431 776 1478 suum
801 1405 911 1506 pubes
937 1404 1080 1480 miratur
1105 1403 1236 1479 Osirim

406 1543 579 1634 Barbara,
603 1542 816 1645 Memphiten
836 1544 998 1648 plangere
1026 1546 1127 1622 docta
1151 1547 1281 1624 bovem.

355 1682 492 1759 Primus
512 1702 625 1760 aratra
649 1713 755 1764 manu
780 1686 906 1764 sollerti
933 1689 1013 1765 lecit
1039 1688 1152 1764 Osiris

313 1842 352 1898 ³0
408 1825 452 1899 Et
478 1826 747 1902 teneram.lerm
774 1828 968 1906 sollicitavit
991 1831 1153 1923 humum,

356 1969 491 2043 Primus
517 1970 710 2072 inexpertae
737 1973 907 2048 commisit
932 1975 1061 2049 semina
1087 1993 1196 2048 terrae

403 2112 579 2214 Pomaque
602 2142 673 2189 non
701 2114 792 2189 notis
818 2114 900 2212 legit
925 2115 968 2187 ab
996 2114 1185 2186 arboribus.

355 2257 421 2331 Hic
447 2256 738 2332 docuit'teneram
764 2253 852 2355 palis
879 2253 1066 2350 adiungere
1091 2252 1210 2340 vitem,

400 2398 465 2473 Hic
491 2398 632 2471 viridem
659 2394 746 2467 dura
775 2392 914 2469 caedere
939 2390 1025 2467 falce
1050 2420 1201 2468 comam:

311 2537 409 2613 asttli
434 2537 602 2612 iucundos
624 2537 775 2639 primunr
796 2553 928 2611 matura
953 2563 1094 2637 sapores

402 2681 572 2783 Expressa
597 2677 735 2755 incultis
762 2708 827 2753 uva
854 2678 949 2756 dedit
973 2678 1129 2781 pedibus.

351 2823 411 2899 llle
437 2823 552 2926 liquor
578 2823 696 2899 docuit
722 2849 821 2898 voces
847 2820 1018 2897 inllectere
1045 2840 1165 2913 cantu,

398 2966 507 3041 Movit
528 2984 561 3043 et
586 2967 630 3041 ad
658 2966 908 3059 certos‘nescia
934 2966 1088 3041 membra
1114 2965 1254 3053 modos,

350 3103 508 3179 Bacchus
535 3122 567 3178 et
592 3101 763 3203 agricolae
789 3131 915 3202 magno
942 3104 1096 3179 conlecta
1121 3102 1237 3179 labore

309 3264 348 3320 40
405 3248 548 3323 Pectora
576 3244 728 3321 tristitiae
756 3241 976 3319 dissoluenda
1000 3243 1103 3318 dedit.
1235 3211 1240 3219 .

350 3387 507 3462 Bacchus
532 3404 565 3461 et
591 3383 725 3461 afflictis
748 3383 901 3484 requiem
927 3381 1128 3458 mortalibus
1150 3380 1270 3468 essert,

397 3524 506 3598 Crura
531 3522 610 3599 lice't
631 3523 718 3598 dura
745 3522 909 3626 compede
931 3521 1031 3623 pulsa
1057 3536 1187 3592 sonent.

350 3663 430 3737 Non
456 3661 518 3735 tibi
544 3679 627 3735 sunt
646 3660 759 3736 tristes
786 3689 886 3737 curae
912 3686 974 3734 nec
999 3657 1126 3744 luctam,
1160 3652 1276 3741 Osiri,

402 3801 473 3875 Sed
497 3800 622 3875 chorus
649 3818 681 3875 et
704 3820 823 3876 cantus
846 3818 878 3874 et
903 3798 984 3872 levis
1010 3813 1110 3898 aptus
1138 3822 1253 3883 amor,

308 3956 344 4013 45
353 3940 424 4014 Sed
449 3939 533 4014 varii
557 3939 657 4015 flores
684 3957 716 4012 et
738 3941 836 4016 srons
857 3938 1014 4018 redimita
1036 3935 1228 4041 corymbis,

399 4078 490 4151 Fusa
516 4078 576 4150 sed
605 4076 649 4149 ad
674 4093 807 4152 teneros
833 4077 923 4153 lutea
945 4075 1035 4180 palla
1057 4075 1162 4176 pedes

1490 3754 1499 3969 l
