3009 4725
316 457 478 497 ccxxxvtu
728 437 784 500 DE
808 433 927 504 POESI

317 627 445 669 ucxtrm.
474 606 533 669 ,tu
561 626 625 689 qua
649 627 685 670 ro
708 604 774 672 duo
801 627 916 694 gonaro
943 610 1086 673 locorum
1112 606 1341 692 distinguimus.

316 723 446 784 Pnirtum
469 740 542 799 cos,
571 724 628 805 qui
653 721 747 785 ctiam
772 724 871 786 vsrbo
899 742 1082 806 oxpmasum
1108 724 1226 789 habent
1252 726 1338 789 huuc

314 839 497 916 transitum,
527 836 602 901 licat
629 858 695 901 non
723 841 764 901 ab
793 838 940 902 omnibus
967 841 1061 920 vulgo
1087 840 1170 903 clara
1195 839 1337 903 animad

313 970 450 1014 var-sum.
492 952 646 1033 Exempla
672 950 776 1015 statim
804 950 969 1015 ostendant
995 949 1072 1036 quid
1099 950 1211 1017 dicam.
1254 952 1335 1016 Cum

312 1062 398 1125 cnim
423 1064 554 1128 coruino
577 1085 636 1148 par
658 1064 892 1148 oppositionem
913 1076 968 1128 aut
990 1085 1048 1147 par
1068 1064 1335 1129 continuationem

313 1187 504 1254 transeatur,
527 1174 696 1240 admodum
717 1197 871 1243 narroatu
889 1175 1003 1241 modus
1021 1189 1067 1239 cst
1086 1199 1144 1260 por
1164 1177 1337 1260 oppositio·

312 1308 387 1352 nam
412 1311 520 1353 rarum
551 1303 605 1355 aut
631 1311 849 1375 personarum.
896 1292 964 1355 lam
994 1289 1067 1358 vide
1095 1292 1125 1370 1,
1150 1293 1185 1370 4,
1208 1297 1260 1355 39.
1280 1292 1336 1355 ubi

312 1400 354 1466 ad
378 1425 497 1467 novum
522 1425 630 1468 rarum
653 1404 799 1468 ordinem
820 1396 931 1470 transit
959 1405 1021 1468 ita:
1053 1407 1112 1482 tt,
1130 1427 1219 1488 puero
1242 1405 1333 1488 quod·

311 1539 422 1601 suaque
441 1530 489 1580 tuo
509 1529 618 1582 tato-s
636 1520 742 1596 Is'bsbr't,
763 1521 876 1598 Cadus,
905 1520 939 1582 h.
954 1541 982 1583 c.
1003 1530 1037 1581 tu
1060 1530 1166 1581 autem
1187 1539 1228 1580 nc
1248 1518 1333 1582 tinas

311 1631 484 1711 praeterire
512 1634 624 1694 stultos
654 1630 739 1710 dics,
777 1632 858 1696 sicut
885 1633 964 1697 aiios
993 1632 1102 1694 fecisse
1131 1629 1227 1695 modo
1257 1629 1334 1710 dixi,

310 1742 365 1806 ssd
398 1744 580 1811 omnimodo
611 1768 688 1810 cura
720 1758 758 1810 ut
790 1747 931 1811 fatorum
965 1748 1060 1809 amati
1088 1745 1148 1809 tihi
1178 1746 1334 1809 concilies.

310 1856 357 1918 Ac
385 1878 450 1920 uon
473 1879 515 1920 ex
542 1858 653 1923 ultimo
682 1872 713 1922 et
740 1861 914 1942 penultimo
944 1859 1077 1923 disticho
1104 1859 1230 1923 ducitur
1257 1860 1333 1921 haec

310 1972 479 2054 oppositio,
500 1970 556 2036 aad
573 1993 615 2036 cx
631 1975 878 2057 antepenultimo
897 1998 928 2039 r.
936 1980 989 2039 33.
1003 1978 1055 2039 34.
1078 1975 1110 2036 h.
1122 1996 1149 2037 c.
1160 1996 1201 2037 ox
1212 1993 1333 2036 summa

309 2088 464 2150 sententia
485 2088 556 2166 loci,
578 2085 630 2151 cui
646 2089 809 2172 sequentia
825 2086 955 2151 disticha
976 2110 1007 2151 v.
1016 2092 1067 2150 35.
1085 2094 1176 2151 uit.
1192 2084 1331 2148 subiecta

309 2211 394 2261 sunt
433 2198 561 2263 Accadit
578 2214 682 2265 autom
701 2221 787 2263 nuuc
803 2201 897 2262 simul
913 2196 1000 2261 aliud
1015 2197 1164 2261 notabile.
1206 2193 1330 2260 Omissa

310 2322 357 2374 cat
383 2312 560 2392 generalior
585 2314 753 2377 sententia:
786 2323 821 2373 tu
849 2322 953 2373 auteur
981 2330 1021 2372 nc
1047 2311 1131 2372 sinas
1156 2309 1329 2392 praeterire

309 2424 421 2487 stultos
451 2424 536 2505 dies,
578 2425 612 2486 in
643 2445 707 2506 qua
737 2421 855 2485 directa
887 2421 1045 2505 oppositio
1076 2418 1329 2485 antecedentium

309 2537 407 2617 insat,
435 2551 467 2602 ct
485 2536 682 2602 substituitur
705 2536 810 2598 statim
830 2536 963 2620 spaciala
986 2533 1249 2619 praeceptumde
1271 2536 1330 2599 ob·

309 2651 441 2735 sequior
484 2650 540 2734 qui
569 2649 706 2712 maxime
737 2651 880 2730 poeticus
914 2660 961 2712 est
991 2669 1086 2728 usus,
1123 2648 1178 2712 aad
1206 2649 1233 2711 ai
1263 2667 1329 2711 non

308 2761 465 2841 attendas,
484 2764 653 2826 obscurare
669 2775 701 2825 ct
717 2763 785 2844 ipsc
798 2774 899 2844 potest
916 2784 1023 2827 voram
1037 2762 1192 2825 rationem
1204 2760 1330 2824 iunctu-

308 2895 374 2940 rae.
422 2874 475 2939 Sic
502 2877 618 2940 factum
645 2876 677 2954 t,
699 2876 736 2953 t,
760 2880 810 2937 15.
859 2871 1099 2957 oppositionem
1125 2875 1190 2938 iilic
1217 2872 1328 2937 haberi

307 2990 377 3072 ipsa
401 2989 556 3073 particula
577 2990 628 3052 sed
652 2987 779 3051 indicat.
826 2985 907 3052 Cum
932 3001 1036 3053 autem
1056 3002 1129 3053 anto
1150 2990 1257 3055 oculos
1279 3010 1328 3053 cs·

307 3116 378 3166 scut
399 3104 589 3186 pronomina
609 3100 858 3167 amacadantium
879 3101 1099 3183 distichorum,
1122 3104 1182 3181 iric,
1202 3104 1262 3181 iic,
1281 3104 1328 3179 rili,

307 3219 440 3300 probata
461 3218 521 3282 fuit
540 3238 639 3300 prava
658 3216 768 3280 lactio:
790 3218 850 3279 Sed
867 3229 896 3280 tc
914 3238 951 3279 uc
969 3221 1100 3299 capim,
1122 3216 1213 3300 quasi
1232 3214 1327 3279 huius
1452 3286 1455 3293 ,

307 3332 505 3413 pronominis
532 3344 562 3394 ct
586 3331 713 3394 iliorum
738 3343 818 3392 eust
844 3330 1010 3412 oppoaitio.
1052 3330 1172 3394 Notium
1196 3327 1325 3414 quidam

307 3464 406 3523 gantis
432 3447 580 3507 transitus
608 3442 692 3526 apud
723 3456 849 3526 postam
874 3463 933 3524 por
958 3444 998 3506 As
1021 3455 1069 3520 tu,
1098 3455 1136 3504 ut
1160 3443 1194 3519 I,
1215 3449 1252 3519 2,
1274 3445 1326 3501 89.

307 3554 332 3631 t,
353 3561 383 3631 3,
405 3561 457 3617 33.
483 3555 525 3626 Π,
543 3562 572 3633 3,
592 3562 645 3620 33.
664 3564 717 3622 61.
760 3554 823 3620 Ssd
844 3574 929 3620 nunc
949 3557 1057 3619 varior
1076 3556 1185 3616 lectio:
1212 3553 1272 3615 Sed
1291 3574 1327 3615 aa
1403 3638 1407 3646 ⁸

305 3678 334 3728 te
359 3672 476 3751 copim
501 3700 545 3716 ·-
566 3670 681 3749 taedia,
711 3691 731 3731 a
758 3669 962 3733 Lachmanno
990 3678 1072 3730 recte
1099 3666 1243 3727 restituta
1270 3676 1327 3745 eat,

307 3802 366 3844 ncc
385 3781 592 3865 pronomina,
621 3782 675 3846 sod
695 3783 869 3846 sentcntiae
890 3782 951 3846 sibi
970 3792 1188 3863 opponuntur.
1224 3778 1327 3842 Dixo·

305 3909 372 3961 rat:
397 3893 518 3978 Ofuge
539 3918 672 3979 pucros3
695 3896 789 3959 nimis
808 3897 1003 3978 perniciosus
1021 3892 1185 3977 adspootua
1206 3914 1327 3973 corum,

306 4012 408 4091 piacet
436 4011 516 4073 aliua
545 4010 604 4072 alia
634 4030 681 4071 rc.
731 4008 827 4072 Nunc
854 4010 972 4092 porgitz
1005 4006 1069 4073 sod
1095 4010 1146 4071 val
1174 4007 1217 4069 sic
1244 4008 1326 4068 banc

306 4125 365 4186 crit
380 4143 446 4185 ras:
470 4143 510 4183 uo
530 4134 562 4184 ts
579 4123 703 4203 capiant
717 4121 829 4201 taedia,
850 4123 877 4186 si
895 4121 998 4205 primo
1016 4121 1151 4200 negabit,
1175 4132 1206 4182 ot
1221 4120 1326 4184 vinem

1488 1118 1503 1164 1
