3009 4725
309 412 430 454 nxxxrr
718 391 777 451 DE
800 390 919 456 ronst

307 563 551 645 descriptionum
576 561 679 637 varia,
713 584 815 642 pauca
841 585 915 626 vcro
941 569 1093 648 mythica,
1124 566 1192 632 dico
1220 571 1327 631 vatici·

305 680 395 741 nium
417 677 572 760 Sibyllae,
604 671 713 736 laudes
742 672 893 756 Osiridis,
927 699 1027 759 porro
1050 681 1162 762 Elysii,
1192 682 1325 758 Tartari,

305 817 418 858 aureae
444 793 551 856 astatis
573 804 618 868 et,
649 812 745 874 quam
769 794 873 856 statim
895 796 1175 875 considerabimus,
1205 798 1325 862 servitii

303 911 462 993 Apollinei
487 905 572 990 apud
599 906 768 970 turritum
800 906 1056 991 descriptionem
1089 933 1147 975 nec
1175 913 1323 974 historica

301 1025 423 1104 videas,
458 1025 520 1087 nisi
547 1024 604 1084 ubi
629 1024 782 1087 Messalae
813 1026 944 1089 victoria
969 1026 1158 1109 Aquitanica
1185 1028 1323 1089 breviter

301 1141 487 1202 celebratur.
527 1137 642 1202 Nullae
663 1161 740 1203 vero
767 1143 963 1206 narrationes
989 1140 1103 1204 adsunt
1122 1143 1250 1223 proprie
1273 1139 1321 1203 di-

300 1254 432 1332 cendae,
458 1275 536 1336 quas
556 1276 622 1316 non
643 1257 717 1319 fecit
739 1258 902 1339 Tibullus,
929 1257 1074 1321 describit
1096 1277 1176 1337 quae
1197 1256 1319 1334 cogitat,

299 1370 407 1446 sentit,
435 1368 637 1447 imaginatur,
665 1370 756 1450 facit,
786 1391 853 1433 non
882 1385 988 1433 narrat
1016 1391 1166 1451 usquam,
1198 1382 1234 1430 ut
1260 1370 1318 1429 ali·

298 1480 420 1564 quoties
438 1480 621 1561 Propertius
643 1483 724 1573 fecit,
745 1507 814 1546 Μ.
829 1485 855 1558 Ι,
870 1493 899 1546 3.
940 1484 1002 1543 Vel
1021 1483 1095 1544 hinc
1113 1493 1208 1562 patet,
1229 1481 1316 1564 quod

295 1598 479 1680 ceteroquin
512 1597 605 1659 etiam
640 1617 707 1663 non
740 1600 877 1660 monitus
917 1598 1007 1659 tacite
1044 1599 1206 1674 coniicias,
1248 1618 1315 1661 nou

295 1716 479 1776 exhaustam
504 1735 522 1772 a
544 1712 671 1775 Tibullo
694 1711 890 1774 describendi
912 1722 1028 1789 artem,
1061 1723 1135 1774 sunt
1155 1713 1316 1792 praeclara

294 1828 422 1892 artificia
449 1848 528 1909 quae
556 1845 622 1887 nou
648 1826 765 1905 attigit,
797 1826 894 1888 veluti
919 1823 999 1885 illud
1024 1825 1059 1884 in
1081 1826 1315 1887 narrationibus

292 1955 486 2023 usurpatum,
507 1938 564 2001 ubi
583 1939 774 2020 exspectatio
791 1949 944 2012 movetur,
963 1936 1165 2018 suspenditur
1182 1939 1312 2011 suimus,

290 2056 458 2118 interiectis
482 2054 565 2130 aliis,
588 2052 688 2115 donec
710 2051 781 2112 finis
800 2048 921 2108 evadat.
964 2049 1121 2112 Nimirum
1141 2052 1222 2111 intra
1244 2069 1310 2108 cer-

287 2178 337 2230 tos
354 2169 431 2228 fines
448 2185 481 2225 se
499 2165 636 2225 continet
652 2162 808 2222 Tibullus.
852 2163 978 2224 Placent
999 2184 1105 2226 omnes
1127 2162 1308 2240 descriptio-

289 2301 344 2343 nes
365 2278 470 2341 nativa
492 2273 628 2358 quadam
649 2275 842 2356 simplicitate
864 2279 1070 2352 inventionis,
1094 2278 1127 2335 iu
1153 2277 1307 2355 composi-

286 2397 372 2458 tione
399 2412 476 2459 tero
509 2391 590 2456 niltll
624 2411 691 2454 non
722 2390 763 2457 ad
791 2396 986 2456 distinctionem
1000 2398 1003 2404 '
1018 2405 1152 2453 maclam
1179 2400 1307 2475 partium

285 2518 468 2589 revocatur,
489 2530 571 2594 quae
593 2531 651 2592 per
670 2530 776 2571 omnes
795 2511 911 2572 formas
931 2524 1041 2589 regnat
1061 2532 1080 2571 a
1100 2512 1191 2574 nobis
1209 2511 1306 2576 modo

285 2627 484 2707 explanatas,
517 2636 546 2686 et
574 2648 669 2686 oerum
687 2612 910 2705 fundamentum
932 2636 973 2686 est
1001 2626 1173 2688 Τι’ὀιιΙΙίαηαι
1199 2633 1228 2687 in
1251 2630 1304 2689 lwo

281 2762 382 2818 gaurs
403 2747 482 2804 anri.
524 2741 628 2824 Atque
649 2744 685 2804 in
707 2742 850 2822 sequenti
871 2743 972 2823 capite
995 2740 1215 2806 demonstrabo
1238 2764 1305 2806 esse

282 2856 366 2919 idem
390 2861 519 2922 omniuo
546 2858 730 2919 elocutionis
756 2856 953 2917 Tibullianae
976 2858 1111 2917 maxime
1140 2862 1304 2940 proprium

281 2972 537 3047 strndmentum,
563 2981 592 3028 et
609 2964 713 3027 redint
731 2965 872 3027 simililer
888 2967 923 3026 in
941 2967 1139 3045 singulorum*
1155 2968 1303 3037 disticho·

280 3111 351 3151 rum
375 3088 494 3149 formis.
535 3080 610 3142 Fuit
632 3080 665 3141 in
689 3080 749 3142 hoc
771 3094 864 3161 poeta
887 3081 1015 3160 insignis
1039 3080 1196 3162 diligentia
1219 3086 1302 3164 cogi-

280 3196 428 3262 tandiad
450 3194 594 3255 distincta
613 3196 755 3255 membra
776 3195 882 3256 omnia
903 3216 1072 3273 revocans,
1099 3198 1183 3260 unde
1207 3197 1299 3259 etiam

278 3311 496 3376 concinnitatis
518 3323 623 3372 ortum
643 3308 783 3373 studium
803 3323 866 3372 tam
888 3314 1101 3395 conspicuum.

341 3424 399 3485 His
421 3423 571 3504 expositis
592 3424 672 3486 nihil
692 3426 744 3489 hic
766 3445 927 3507 superesse
950 3425 1063 3508 video,
1087 3449 1182 3512 quam
1204 3439 1240 3488 ut
1258 3424 1297 3487 (le

277 3539 396 3601 servitii
414 3537 574 3619 Apollinei
594 3536 803 3620 descriptione
824 3542 1054 3617 11‚3,11-2s.
1076 3540 1192 3618 dicam,
1221 3561 1296 3603 nam

277 3677 347 3717 cum
383 3656 461 3717 aliae
497 3675 606 3717 omnes
642 3653 866 3737 descriptiones
900 3658 980 3717 bene
1016 3657 1191 3718 elaboratae
1225 3657 1296 3734 sint,

276 3769 352 3831 haec
369 3771 511 3831 ultimam
530 3790 657 3831 manum
676 3771 753 3831 mihi
770 3790 836 3831 non
851 3768 974 3832 videtur
990 3782 1130 3851 experta.
1171 3769 1296 3853 Nempe

274 3887 375 3950 voluit
394 3900 489 3968 poeta
507 3884 688 3963 ostendere,
712 3898 749 3946 ut
767 3883 845 3947 deus
862 3884 903 3947 ad
921 3884 1028 3949 infima
1048 3887 1170 3968 negotia
1189 3902 1295 3970 pasto-

273 4000 345 4063 ritia
367 3997 561 4061 descenderit
581 3998 681 4061 missis
696 3996 810 4061 divinis
828 3999 1020 4074 muneribus,
1040 4011 1075 4059 ut
1094 4021 1160 4063 non
1175 3999 1294 4062 veritus

273 4120 312 4181 sit
334 4112 542 4177 horridiorem
570 4113 712 4175 habitum
736 4111 877 4201 corporis
901 4122 1110 4196 ornatumque
1133 4131 1294 4176 comarum
