3009 4725
316 420 368 491 30
623 412 809 487 TIBULLI
843 411 928 489 ΜΒ.
952 417 976 489 1.
995 435 1022 489 a.

348 601 438 674 Tum
448 595 599 673 studium
608 596 739 672 formae
749 616 812 673 csl:
829 618 1337 695 comatnmmutatur‚utannos

403 724 605 801 Dissimulet
628 725 731 801 viridi
757 728 882 804 cortice
908 729 1011 807 tincta
1038 732 1155 823 nucis,

302 849 493 931 'olollere
518 873 591 929 turn
617 883 700 930 cura
725 874 775 932 cst
802 857 899 933 albos
925 886 945 932 a
969 839 1074 960 stirpe
1101 861 1241 963 capillos

405 986 451 1060 El
474 985 597 1060 facicm
621 985 761 1087 dempta
783 985 871 1089 pelle
897 986 1024 1062 referre
1050 1015 1184 1064 novam.

355 1114 403 1190 At
427 1131 481 1205 tn,
515 1114 597 1189 dum
624 1116 727 1216 primi
752 1115 851 1191 floret
876 1116 939 1191 tibi
963 1119 1127 1218 temporis
1150 1136 1259 1211 aclas,

405 1246 528 1320 Utere:
559 1272 630 1318 non
657 1244 757 1319 lardo
781 1244 908 1320 labitur
931 1244 990 1320 illa
1015 1246 1113 1348 pede.

356 1378 431 1451 Neu
443 1375 640 1451 Marathum
653 1393 792 1477 torque:
812 1403 920 1476 puero
934 1371 1022 1477 quac
1038 1375 1149 1475 gloria
1161 1378 1250 1452 victo
1265 1378 1336 1451 est?

316 1524 354 1578 50
411 1507 452 1580 In
478 1522 606 1580 veteres
631 1522 704 1580 esto
732 1503 836 1595 dura,
868 1505 1000 1607 puella,
1031 1531 1139 1581 sanes.

358 1635 466 1709 Parce
492 1662 616 1735 precor
639 1651 774 1710 teuerot
812 1661 884 1708 non
908 1633 960 1709 illi
986 1636 1118 1711 sontica
1144 1663 1247 1711 cansa
1272 1652 1338 1726 est,

411 1765 481 1840 sed
507 1766 634 1840 nimius
656 1764 729 1841 luto
756 1793 902 1869 corpora
927 1766 1030 1866 tingit
1053 1794 1158 1842 amor.
1372 1865 1375 1870 ν

361 1894 424 1971 vel
450 1895 555 1970 miser
580 1895 713 1971 absenti
738 1913 886 1972 maestas
912 1925 1016 1999 qnam
1042 1924 1143 1999 saepe
1169 1893 1322 1998 querulas

411 2025 558 2100 Coniicit
583 2043 617 2100 cl
639 2024 791 2101 lacrimis
816 2026 932 2102 omnia
958 2025 1061 2125 plena
1086 2024 1243 2097 madent!

317 2152 476 2252 55‘Quid
500 2181 555 2229 me
589 2156 761 2256 spernis-l’
795 2155 850 2228 ait
876 2165 1023 2252 ‘poterat
1049 2149 1204 2224 custodia
1229 2148 1336 2224 vinci:

406 2283 485 2385 Ipse
510 2281 606 2355 dedit
631 2279 766 2381 cupidis
792 2278 908 2352 fallere
933 2303 1036 2380 posse
1061 2275 1155 2350 drus.

360 2416 449 2490 Nota
471 2418 587 2487 Venus
611 2411 736 2485 furtiva
758 2409 843 2485 mihi
869 2426 936 2500 est,
971 2425 1010 2482 ul
1035 2408 1120 2482 lenis
1143 2425 1265 2507 agatur

412 2538 582 2644 Spiritus,
615 2557 655 2615 ut
678 2564 741 2615 nec
769 2539 852 2613 dent
877 2536 993 2613 oscula
1019 2555 1118 2639 rapta
1139 2565 1281 2611 sonum:

356 2673 401 2745 Et
424 2697 566 2772 possurn
590 2670 705 2745 madia
730 2668 885 2772 quamvis
910 2668 1075 2769 obrepere
1098 2685 1199 2744 nocte

317 2802 354 2872 66
410 2801 455 2876 El
480 2801 623 2904 strepitu
648 2798 743 2876 nullo
768 2798 854 2874 clam
881 2825 1032 2873 reserare
1057 2798 1157 2874 fores.

358 2931 457 3030 Quid
479 2948 625 3033 prosunt
651 2947 750 3019 acles,
776 2929 939 3003 miserum
967 2928 997 3002 si
1022 2929 1153 3029 spernit
1173 2941 1339 3001 amantem

408 3061 454 3136 Et
478 3060 568 3161 fugit
593 3087 633 3135 ex
655 3059 732 3161 ipso
759 3086 857 3134 saeva
883 3055 996 3160 puella
1019 3057 1120 3132 loro?

392 3380 426 3435 V.
437 3384 481 3434 la.
507 3382 634 3434 formae
658 3387 712 3435 est
729 3380 819 3450 optlml
841 3384 922 3433 recta.
960 3380 1046 3446 Vulgo
1064 3377 1132 3432 nate
1153 3352 1281 3427 omittitur
1297 3375 1340 3419 m

320 3477 389 3532 llbro
406 3480 548 3531 Sronrran
567 3485 682 3532 auctora.

394 3604 428 3658 V.
440 3607 484 3656 ⁴9.
507 3605 602 3657 victo
627 3609 688 3659 est.
733 3604 930 3656 Bnoornosros
955 3610 996 3651 est
1021 3597 1106 3650 omisit
1130 3595 1244 3663 primus,
1270 3591 1340 3658 qnod

321 3709 408 3755 tanao
436 3701 487 3752 vlm
514 3703 659 3755 senlenllas
685 3708 774 3769 anget.
799 3727 834 3742 -
881 3701 915 3754 v.
931 3701 976 3750 ⁶1.
1003 3695 1142 3749 sontica
1168 3706 1236 3744 nnnc
1263 3689 1342 3743 ellam

321 3801 456 3868 Excerpta
471 3800 674 3855 Furnuosnsrl
692 3801 825 3870 praebent
840 3824 874 3840 -·
909 3797 942 3849 V.
953 3799 997 3849 6³.
1016 3795 1078 3849 Vel
1096 3794 1141 3846 vix
1158 3797 1231 3846 recte
1248 3789 1343 3843 habeut

321 3897 386 3951 cdltl
402 3905 463 3952 ante
476 3901 630 3953 Mnsrrurr.
667 3900 747 3952 lrlnr
770 3899 841 3963 Vae,
865 3895 935 3963 quod
953 3911 1043 3949 rernm
1061 3893 1172 3948 videtur.
1187 3917 1221 3930 -
1257 3890 1290 3945 V.
1298 3891 1343 3941 66.

322 4000 476 4066 spernis,
501 4000 568 4053 bons
585 3998 685 4066 optimi.
721 3997 810 4064 Vulgo
828 3995 930 4066 spanos
949 4010 982 4051 ex
1000 3995 1072 4053 libris
1089 3993 1189 4048 Srrru
1207 3987 1343 4044 nonnullis

394 4127 427 4180 V.
437 4131 482 4181 69.
508 4138 646 4194 possum
667 4123 766 4192 optlml.
