3009 4725
343 324 405 381 396
581 309 932 381 COMMENTdR.1N
955 317 1127 384 TIBULLI

415 491 494 544 ἨΒ
506 501 563 553 aqq.
589 486 656 540 Cum
674 487 748 540 multi
766 486 880 544 Romani
899 490 1072 558 eloquentiam
1090 506 1148 544 curu
1165 483 1273 544 sciendi
1292 492 1367 546 mili·

342 591 391 642 tari
415 586 577 640 coniunctam
603 583 742 649 habereut,
778 600 857 637 nemo
883 592 968 640 tumen
994 589 1076 642 maior
1099 590 1126 641 iu
1150 589 1188 642 luis
1213 590 1291 642 rebua
1312 588 1364 642 suit

341 685 472 748 Messala,
504 682 579 734 cuiue
604 697 695 750 parem
718 682 744 732 ia
769 688 880 748 utroque
906 700 1002 751 genera
1026 686 1127 740 laudem
1153 665 1262 740 trutinae
1286 703 1362 740 com-

340 785 474 856 paratione
494 782 613 834 illustrat,
651 782 738 834 Veluti
759 798 817 836 cum
837 785 919 850 libra,
945 787 996 850 ait,
1022 787 1077 855 pari
1102 786 1215 855 pondere
1233 786 1362 853 premitur

340 897 368 942 et
391 885 508 953 aequalia
533 882 648 951 pondera
672 886 741 951 gerit
768 886 904 953 utrinque,
934 902 983 939 uec
1006 887 1116 939 subsidit
1139 887 1242 954 pronior
1262 882 1304 936 hic
1328 888 1358 935 et

339 989 456 1041 elevatur
479 984 541 1040 illic.
585 983 710 1047 Sedet,
742 990 772 1034 ut
796 982 920 1036 Luoaau.
941 985 974 1049 V,
992 988 1060 1037 475:
1091 983 1168 1053 Quod
1191 998 1275 1053 neque
1300 989 1361 1030 tom

333 1085 446 1158 suerint
459 1083 573 1155 gravia,
592 1092 624 1134 ut
641 1083 766 1152 depressa
783 1082 912 1133 sederent.
950 1084 1161 1152 comparativum
1179 1087 1254 1153 plua
1272 1087 1363 1134 autem

339 1186 581 1237 Wuuumrcuruu
606 1188 676 1232 recte
699 1194 757 1230 cum
782 1191 889 1243 prona
909 1178 1009 1243 iungit,
1035 1182 1116 1232 veluti
1138 1187 1179 1232 cat
1198 1180 1362 1232 Numine.

339 1284 434 1351 lt'elog.
451 1286 483 1347 4,
505 1287 554 1334 12:
577 1278 645 1329 Plus
665 1286 756 1328 tamen
776 1276 832 1345 ipra
854 1293 940 1332 mecm,
963 1274 1029 1343 plur
1045 1285 1088 1327 est
1106 1277 1248 1346 formosus
1271 1275 1362 1326 Iolar.

338 1385 406 1438 Nam
423 1381 512 1435 sedere
530 1395 576 1448 per
590 1394 621 1431 ae
637 1377 777 1447 opponitur
795 1375 875 1428 verbo
892 1391 1014 1444 surpere,
1033 1382 1060 1426 et
1078 1376 1198 1427 convenit
1216 1381 1359 1440 utrumque

336 1482 515 1551 inaequalibus
540 1479 665 1533 lancibus.
710 1479 798 1544 Atque
822 1475 864 1529 bic
888 1474 993 1542 quidem
1016 1472 1159 1526 absolvitur
1183 1473 1357 1541 comparatio.

337 1586 391 1640 Sed
411 1591 504 1654 poeta,
527 1581 598 1649 quod
618 1581 722 1634 minime
746 1577 920 1632 necessarium
941 1581 1012 1640 erat,
1036 1575 1155 1627 ultimum
1173 1588 1274 1625 veroum
1293 1587 1356 1640 per·

337 1701 412 1738 verro
437 1683 532 1735 iudicio
556 1679 735 1733 illustrandum
761 1677 861 1730 cerruit
885 1689 953 1726 novo
976 1671 1093 1726 disticho.
1139 1673 1248 1725 Dixerat
1271 1671 1356 1722 enim:

337 1787 394 1840 Nec
417 1787 500 1839 altera
524 1789 599 1852 parte
625 1781 791 1850 deprimitur,
819 1778 900 1830 altera
922 1776 1045 1827 elevatur.
1082 1773 1165 1862 ¹Nuuc
1190 1774 1289 1842 porgitr
1319 1773 1358 1824 Ut

337 1889 382 1950 tit,
406 1886 429 1938 ai
448 1882 552 1952 quando
577 1884 741 1948 inaequatum
762 1891 827 1928 unua
849 1876 875 1926 iu
898 1873 1014 1925 lancibus
1036 1877 1084 1926 eat.
1127 1872 1203 1924 Tunc
1221 1871 1287 1922 euim
1308 1871 1359 1922 iu·
1459 1925 1460 1938 ἶ

336 1985 480 2038 atabllir
503 1987 618 2046 natat,
644 1978 705 2033 be.
724 1977 842 2042 vacillat,
871 1973 921 2026 buc
939 1975 1000 2025 illuc
1021 1972 1111 2026 fertur.
1148 1973 1188 2025 De
1205 1985 1255 2039 qua
1273 1970 1358 2037 uigui-

336 2084 457 2138 iiaatiouc
482 2099 506 2136 r.
531 2090 627 2133 natare
653 2080 895 2132 Wouuunmourur
920 2079 1054 2142 comparat
1079 2075 1182 2126 Sauro
1199 2071 1284 2140 Epiri.
1302 2075 1356 2123 ³5:

337 2181 461 2234 Mutatio
486 2177 636 2252 voluntatis
660 2177 763 2228 indicat
789 2175 908 2227 ardorum
930 2184 1043 2230 natare,
1074 2178 1100 2226 et
1120 2173 1226 2225 Ηοιιτ.
1243 2172 1301 2234 sut.
1319 2170 1356 2235 ll,
1459 2173 1460 2180 ’

337 2290 364 2347 i,
382 2287 414 2335 6:
441 2285 512 2332 Parr
533 2277 668 2328 domiuum
687 2275 763 2326 vitiis
780 2274 885 2344 gaudet
904 2282 1060 2326 constanter
1078 2282 1106 2325 et
1129 2282 1207 2346 urget
1224 2272 1356 2341 Proposi-
1459 2323 1460 2328 ,

338 2395 412 2436 tumr
434 2395 502 2447 para
518 2375 606 2425 multa
624 2381 721 2430 notat,
747 2373 823 2425 modo
839 2383 914 2425 recta
933 2392 1084 2444 capescens,
1106 2375 1245 2429 Interdum
1258 2375 1355 2444 pravis
1459 2382 1460 2433 l

337 2477 465 2535 obnoxio,
490 2475 534 2527 ubi
558 2474 626 2527 adde
643 2475 806 2530 Hauuuour.
850 2475 917 2528 Nam
935 2475 969 2528 de
988 2478 1073 2530 auimo
1091 2477 1195 2544 quidem
1216 2478 1357 2529 fluctuante
1459 2458 1460 2495 ³

335 2576 440 2643 uepiua
465 2573 559 2628 dicitur
583 2572 632 2628 hoc
657 2572 780 2638 verbum,
806 2580 834 2627 ut
855 2580 964 2627 coortat.
983 2602 1018 2615 -
1052 2578 1190 2629 alterno
1213 2574 1355 2643 depree-

335 2676 409 2730 aior
433 2675 533 2739 orbe,
565 2688 634 2726 uuuc
659 2672 751 2725 dextra
776 2674 865 2737 lance,
897 2689 966 2727 nuuc
990 2674 1094 2727 sinistra
1118 2678 1201 2742 magia
1225 2676 1354 2729 inclinata.
1459 2668 1460 2713 l

335 2774 386 2829 Eat
409 2775 490 2841 igitur
515 2770 586 2823 ordis
606 2770 648 2823 bic
673 2771 733 2822 lanx
759 2771 839 2823 librae
863 2771 983 2824 rotunda.
1025 2775 1110 2839 Atque
1133 2772 1198 2827 baec
1222 2773 1355 2831 hactenus.

335 2877 374 2930 Ut
397 2875 509 2940 denique
529 2871 563 2923 de
586 2870 780 2937 comparatione
801 2870 859 2937 ipra
876 2870 983 2923 uerbum
1005 2871 1113 2939 addam,
1138 2875 1248 2929 Vormuu
1268 2882 1356 2928 mouet
1459 2932 1460 2941 χ

336 2979 451 3030 trutinae
474 2971 667 3039 comparatione
692 2969 718 3020 iu
743 2968 912 3022 describendo
938 2972 1076 3024 certamine
1102 2975 1157 3042 pari
1181 2974 1355 3027 Troianorum

335 3081 365 3130 et
381 3072 536 3127 Achivomm
554 3069 697 3125 itonam
722 3068 760 3120 uti
783 3067 980 3134 tt.x11,43o.
1013 3071 1099 3137 Saue3
1124 3078 1151 3124 et
1174 3074 1228 3126 illic
1247 3071 1355 3139 quidem

335 3174 432 3240 optIme
457 3186 500 3223 rea
522 3167 608 3222 habet.
652 3167 711 3220 Hoc
731 3169 791 3220 loco
814 3184 877 3220 vero
896 3169 1026 3222 Hururur
1044 3179 1116 3224 recte
1137 3173 1218 3226 roualt
1237 3172 1357 3241 putidam

334 3287 394 3325 eme
410 3271 637 3340 comparationem.
673 3269 744 3320 Sutia
763 3268 879 3336 proiecto
899 3275 955 3321 erat
971 3270 1121 3339 simpliciter
1138 3272 1242 3335 dicere„
1261 3286 1354 3338 parem

333 3368 466 3422 Merulae
490 3384 548 3421 earo
574 3369 601 3420 iu
629 3372 740 3433 utroque
767 3381 864 3432 genere
891 3366 1008 3432 luodem3
1044 3370 1181 3422 ostendere
1204 3384 1266 3422 uero
1290 3366 1355 3421 data

334 3480 415 3534 opera
439 3472 492 3518 tam
517 3475 634 3519 exactam
660 3482 718 3519 esse
743 3467 941 3534 aequalitatem,
969 3474 998 3519 ut
1021 3466 1162 3536 ponderum
1191 3470 1217 3521 iu
1240 3469 1353 3520 mutinae

332 3563 501 3630 aequilibrio,
527 3562 664 3616 ridiculum
686 3570 744 3629 est,
768 3566 828 3631 quia
849 3581 925 3619 uemo
949 3563 998 3619 boc
1017 3568 1130 3637 postulat
1152 3573 1197 3620 aut
1217 3574 1355 3635 exspectat

332 3663 359 3715 lu
378 3661 625 3719 attrectanda-
661 3662 694 3716 V.
706 3664 741 3714 4⁵
755 3678 794 3728 aq.
819 3661 898 3716 Nam
922 3679 981 3717 acu
1007 3664 1136 3720 diverrl
1153 3683 1210 3734 aqq.
1229 3664 1356 3755 lampa

333 3764 427 3830 vulgus
450 3762 576 3817 dissideas
600 3762 625 3816 iu
652 3764 765 3817 comitiis
789 3766 866 3818 variis
892 3767 1006 3832 agitatur
1029 3767 1162 3819 sententiis
1187 3765 1296 3829 tremat3
1326 3764 1357 3821 la

332 3880 385 3932 quo
398 3861 515 3933 frenum
533 3869 574 3916 est
591 3862 624 3916 de
646 3865 802 3919 clamoribus
825 3866 1015 3931 dissidentium,
1040 3873 1067 3918 et
1084 3864 1205 3917 diversus
1224 3867 1250 3917 iu
1268 3863 1356 3916 variar

332 3969 420 4032 parter
438 3967 543 4016 tractae.
587 3963 693 4021 Locum.
712 3964 765 4031 IX,
783 3968 852 4018 21¹1:
873 3962 971 4036 fremit
992 3961 1124 4016 discordia
1143 3961 1234 4043 arripis¹
1270 3961 1355 4015 Coru-

332 4067 407 4129 parat
437 4060 649 4115 Brouoxuustua
686 4062 759 4131 Virg.
791 4064 855 4117 Aeo.
884 4061 925 4126 11,
953 4066 1006 4115 89:
1047 4044 1187 4115 Scinditur
1217 4059 1356 4112 ἐπινίκια
