3009 4725
580 396 766 460 TIBULLI.
1045 426 1178 468 axxnru

152 579 310 645 bellorum
328 573 469 638 Veneris
492 566 675 653 descriptio,
703 582 790 653 petet
814 571 982 648 iucundam
1007 596 1072 638 esse
1097 579 1179 639 nris-

153 699 274 761 tionem
297 711 421 756 rerum.
462 687 501 749 ln
522 687 657 749 maximo
680 705 789 750 errore
812 688 962 765 versaris,
992 689 1079 752 eiad
1104 693 1177 753 sini-

153 810 321 892 pliciorum
344 804 517 883 elegiarum
537 799 795 882 compositionem
809 802 928 864 Tibulli
947 806 1051 884 copias
1070 806 1177 885 exigis.

156 927 213 988 Est
245 943 323 988 sero
355 919 555 1000 ingeniorum
586 918 722 980 eliorum
754 918 815 980 slis
845 917 968 980 indoles
999 934 1030 980 et
1060 922 1178 984 babent

162 1039 257 1100 etiam
280 1035 441 1097 liberiores
465 1044 573 1096 motus
598 1032 777 1094 animorum
803 1034 853 1094 ius
878 1053 987 1113 suum,
1018 1055 1098 1118 quos
1123 1040 1178 1119 qui

165 1152 304 1212 sublatos
321 1150 443 1225 volunt,
462 1144 504 1208 ad
522 1146 670 1208 miseram
688 1145 857 1210 exilitatem
874 1161 1024 1211 revocant
1044 1151 1177 1231 optimos

161 1275 282 1345 poetas.
324 1261 373 1323 Tu
394 1256 464 1323 ride
484 1279 610 1322 mecum
633 1260 710 1322 alies
731 1259 881 1344 quasdam
903 1263 1085 1327 harmonias
1105 1286 1178 1346 per-

159 1376 307 1457 pulchrae
324 1373 543 1456 oppositarum
560 1392 679 1436 rerum.
720 1373 806 1436 Talis
824 1389 870 1437 est
887 1379 1069 1459 compositio
1088 1381 1179 1441 belli·

158 1514 263 1555 carum
297 1502 330 1552 et
358 1502 543 1574 pacatarum
573 1510 680 1551 rerum
710 1490 786 1568 eleg.
814 1491 843 1568 Ι,
869 1501 914 1568 7.,
959 1493 1013 1554 ubi
1039 1493 1177 1573 primum

158 1606 288 1669 uictoris
315 1616 347 1666 et
371 1605 552 1686 triumphus
580 1604 733 1665 Messalae
760 1602 799 1665 de
820 1606 983 1688 Aquitanis
1006 1610 1177 1691 ceterisque

162 1719 253 1781 sociis
271 1718 398 1800 populis
419 1718 557 1796 canitur,
580 1729 647 1778 tum
667 1737 727 1798 per
744 1727 843 1779 terras
863 1731 894 1779 et
913 1720 1053 1781 nationes
1073 1722 1178 1784 orien-

161 1835 259 1910 tales,
286 1853 364 1916 quas
388 1830 498 1908 deinde
523 1845 740 1915 composuerat
761 1835 911 1912 Messala,
939 1837 983 1898 ita
1009 1856 1067 1898 nos
1093 1834 1179 1899 ducit

159 1962 259 2033 poeta
275 1961 314 2012 ut
328 1962 471 2032 pacatum
485 1961 594 2011 statum
608 1951 752 2013 locorum
770 1949 943 2030 adumbret,
962 1952 1177 2035 imprimisque

159 2063 198 2127 de
214 2064 350 2147 Aegypti
369 2063 527 2126 fertilitate
547 2042 577 2127 et
594 2064 718 2130 Osiride
740 2065 832 2128 dicat.
873 2067 940 2127 lam
958 2064 1035 2147 quid
1052 2067 1179 2128 suavius

156 2181 354 2263 proeliorum
371 2178 550 2260 strepitust
566 2191 749 2260 pacatarum
762 2181 926 2259 regionum
938 2179 1020 2239 laeta
1036 2178 1179 2257 imagine,

157 2293 269 2356 bellica
295 2291 390 2354 laude
413 2304 444 2353 et
465 2292 592 2375 pacifica
613 2304 718 2354 mente
737 2292 891 2355 Messalae
917 2293 952 2355 in
980 2292 1087 2356 eodem
1110 2313 1189 2354 car·-

157 2408 243 2470 minc
267 2403 459 2490 propositis!
502 2402 564 2468 Sed
591 2405 779 2470 luculentius
802 2408 896 2469 etiam
920 2407 954 2473 iu
979 2411 1038 2471 hoc
1065 2430 1178 2488 genere

160 2543 285 2585 carmen
311 2524 358 2602 Π,
384 2530 416 2587 5.
446 2534 511 2601 cst,
552 2522 610 2584 ubi
636 2522 764 2604 politica
791 2521 971 2604 magnitudo
1000 2522 1119 2586 Romae
1149 2537 1178 2585 et

156 2638 275 2700 rustica
293 2636 358 2701 vita
380 2645 632 2715 componuntur,
656 2648 686 2696 et
707 2630 784 2717 quid
804 2635 901 2715 magis
921 2634 1099 2697 Romanum
1120 2638 1178 2699 liae

157 2749 399 2826 coniunctione,
444 2768 514 2810 cena
545 2749 596 2809 hic
627 2747 765 2829 populus
795 2748 884 2809 urbis
914 2748 1114 2828 splendorem
1149 2764 1178 2812 et

152 2860 390 2945 simplicitatem
409 2862 491 2925 ruris
512 2864 632 2944 pariter
654 2875 782 2924 nutaret.
823 2862 959 2922 'l'aatuur
982 2862 1075 2939 igitur
1094 2865 1179 2924 abest

156 2992 197 3043 ut
229 2976 421 3062 reprebendi
450 2980 501 3041 bic
534 2978 709 3063 quidquam
741 2980 857 3060 possit,
899 2987 936 3039 ut
964 2975 1180 3039 suavissimum

158 3106 348 3157 concentrmr
372 3095 591 3176 oppositorum
620 3096 763 3156 locorum
792 3092 832 3155 ad
860 3111 956 3154 unam
982 3089 1084 3153 ideam
1108 3110 1181 3152 con·
1228 3129 1230 3133 -

156 3210 347 3292 spirantium
365 3232 549 3294 expressum
564 3209 736 3277 videamus.
778 3210 912 3292 Propria
929 3220 975 3272 est
987 3212 1056 3272 laus
1071 3208 1182 3271 Tibul·

155 3326 262 3386 lianae
282 3347 415 3406 poeseos
436 3328 513 3389 haec
535 3327 748 3408 oppositarum
766 3347 874 3389 rerum
891 3328 1040 3402 varietas,
1061 3335 1181 3388 etcum

156 3438 298 3501 martime
325 3461 436 3503 cavere
466 3439 577 3505 debeat
605 3440 702 3521 elegia
727 3463 769 3504 ne
791 3445 968 3523 languescat
996 3443 1124 3504 allectus
1148 3444 1182 3504 in

156 3574 327 3635 processu,
357 3555 438 3618 nibil
462 3558 562 3637 nragis
586 3569 737 3619 sustentat
763 3557 827 3621 vim
850 3581 884 3621 ac
905 3559 1044 3638 vigorem
1070 3569 1182 3618 tracta·

157 3671 265 3733 tionis.
317 3671 358 3735 Et
387 3685 493 3735 tamen
521 3674 602 3735 nihii
630 3675 810 3754 perversius
839 3687 999 3755 acceptum
1023 3683 1070 3735 est
1098 3672 1183 3754 apud

156 3786 342 3861 Tibullum,
372 3808 467 3868 quern
488 3800 657 3869 propterea
677 3787 752 3848 artis
773 3787 918 3865 ignarum
939 3784 1097 3849 dixerunt.

224 3902 399 3985 Postquam
422 3902 461 3965 de
486 3912 551 3965 tota
577 3903 698 3965 ratione
726 3903 849 3982 poetice
869 3900 1114 3981 descriptionum
1137 3896 1184 3959 di·

160 4015 330 4078 sertissime
352 4017 544 4100 explicatum
566 4029 627 4096 est,
647 4017 867 4099 persequimur
888 4015 995 4098 paucis
1013 4015 1135 4097 reliqua
1155 4025 1185 4073 et

164 4129 370 4209 absolvimus,
402 4154 483 4216 quac
511 4131 549 4195 de
578 4144 734 4197 structura
759 4127 855 4193 medii
883 4129 1028 4191 carminis
1054 4123 1185 4189 dicenda
