3009 4725
580 420 767 487 TIBULLI.
956 465 961 478 ·
1110 454 1182 496 cmx

161 614 231 679 spes
253 591 357 658 omnis
383 605 414 656 et
435 593 563 654 fortuna
587 591 690 656 nostri
710 594 846 655 nominis
869 593 1065 663 Hasdrubale
1086 598 1184 664 inter·

161 722 260 788 emto,
282 720 339 769 aut
359 706 386 770 si
409 706 529 767 Graece
551 702 652 767 dicas:
682 696 792 782 δεινά,
823 698 917 775 dated
939 700 1182 798 πεπόνθαμεν,

162 824 271 907 quales
291 819 417 901 tragicis
443 831 609 899 tantopere
636 818 855 902 frequentatae
883 819 1023 886 eiusdem
1041 827 1128 888 uocis
1149 829 1183 889 iu

161 934 271 1000 eadem
299 934 455 997 sententia
483 932 696 1015 repetitiones.
752 932 875 997 Afferes
905 955 922 996 e
949 936 1077 1000 Tibullo
1105 939 1182 1001 haec

159 1052 192 1130 l,
215 1059 252 1129 3,
275 1056 334 1113 27:

247 1180 342 1244 Nune
363 1177 438 1258 dea,
464 1199 550 1242 nunc
573 1197 721 1242 succurre
744 1175 839 1255 mihi,

162 1323 194 1373 et
215 1311 272 1387 IV,
296 1315 411 1387 3,152

247 1424 338 1486 Tunc
359 1423 453 1503 mihi,
482 1437 558 1486 tunc
579 1421 725 1503 placeant
747 1420 860 1498 silvae,

161 1576 263 1639 neque
283 1558 318 1618 in
338 1556 394 1618 tali
417 1554 574 1620 vividiora
602 1552 789 1636 repetitione
813 1554 1035 1635 particularum
1060 1566 1181 1637 ternpo-

159 1670 275 1731 ralium
293 1668 465 1753 quidquam
485 1680 531 1730 est
549 1665 636 1751 quod
654 1688 719 1730 non
737 1667 902 1730 conveniat
916 1669 965 1730 his
983 1669 1182 1745 carminibus,

158 1802 237 1844 vera
258 1795 360 1844 antem
380 1784 429 1846 via
450 1782 567 1862 figurae
589 1781 645 1843 ubi
666 1780 875 1859 substantiva,
897 1778 1063 1858 adiectisa,
1082 1783 1181 1844 verba

161 1895 207 1955 sic
234 1905 421 1975 repetuntur
447 1892 665 1973 significantia,
695 1894 820 1974 gravina
843 1907 898 1956 sut
917 1894 1043 1955 mollius
1064 1882 1182 1964 πάθος

159 2007 259 2069 habet
288 2027 383 2089 quam
410 2028 471 2089 pro
497 2009 689 2089 simplicitate
715 2008 850 2084 Tibulli,
879 2007 977 2072 veluti
997 2003 1076 2068 illud
1100 2008 1180 2067 Pro·

155 2122 251 2205 pertii
273 2122 489 2183 mollissimum
513 2121 544 2199 l,
566 2129 625 2201 20,
647 2128 707 2185 32:

240 2254 291 2315 At·
314 2249 407 2315 dolor
426 2253 492 2314 ibat
513 2252 627 2335 Hylas,
657 2255 738 2330 ibat,
768 2251 1015 2338 Hamadryasin,

158 2387 245 2450 nullo
267 2384 363 2448 modo
385 2397 511 2468 poterat
532 2383 636 2446 dicere
657 2384 812 2449 Tibullus.
854 2385 920 2449 Nec
942 2383 1077 2468 denique
1095 2407 1178 2469 proa-

158 2500 303 2580 opodosr's,
325 2500 426 2581 qualis
447 2521 478 2560 v.
494 2518 520 2558 c.
540 2499 574 2559 in
596 2497 664 2560 his:
693 2492 785 2583 βοαῖν
807 2488 915 2577 sitisti,
940 2489 1044 2584 βοάν,
1067 2497 1178 2583 quaeri

159 2607 254 2672 debet
278 2612 312 2671 in
338 2612 396 2673 hac
425 2611 535 2692 poes13
571 2631 637 2672 non
666 2611 772 2672 omnia
803 2613 995 2674 conveniunt
1020 2615 1177 2675 omnibus.

156 2723 263 2804 Atque
293 2723 369 2784 haec
398 2722 524 2806 quidem
555 2720 593 2784 de
623 2724 683 2784 his.
733 2721 881 2784 Vidimus
908 2724 988 2800 vim,
1026 2725 1174 2805 vigorem,

152 2836 338 2916 gravitatem
358 2837 470 2899 horum
491 2837 699 2913 schematum,
721 2848 752 2898 et
770 2832 846 2919 quid
864 2832 1045 2896 huiusmodi
1057 2835 1176 2897 Tibulli

153 2953 258 3030 poesis
280 2949 410 3027 habeat;
431 2947 651 3012 recordabitur
665 2970 742 3013 vero
765 2951 863 3012 lector
883 2966 949 3009 non
968 2948 1070 3009 solum
1091 2939 1177 3028 mode

153 3051 344 3143 δεινότητα,
368 3060 423 3123 sed
445 3063 538 3123 etiam
559 3061 615 3127 snt
637 3054 790 3151 χάριτος,
813 3059 852 3122 nd
871 3070 1064 3124 venustatem
1086 3054 1176 3119 adhi-

153 3175 222 3236 beri
251 3175 455 3256 repetitiones
487 3177 660 3239 verborum
694 3188 726 3237 et
758 3175 863 3237 lusum
895 3192 1024 3235 suavem
1057 3173 1175 3234 habere

152 3306 245 3367 posse
273 3289 308 3347 in
336 3288 427 3350 certis
453 3289 532 3350 locis
561 3303 592 3350 et
619 3288 796 3365 sententiis,
827 3285 916 3349 cuius
937 3286 983 3346 rei
1008 3286 1104 3367 plena
1128 3295 1177 3346 est

152 3419 183 3459 v.
201 3421 229 3460 c.
249 3397 406 3480 Propertii
427 3402 533 3483 poesis
556 3413 586 3463 et
608 3402 766 3463 Bucolica.
815 3398 867 3461 Sic
889 3398 960 3483 quis
981 3401 1080 3461 nescit
1102 3420 1132 3463 v.
1148 3418 1176 3460 c.

150 3511 230 3575 haec
253 3510 441 3576 Theocritea
462 3517 643 3596 anaphorae
666 3514 810 3595 exempla
831 3512 925 3590 VIII,
945 3518 984 3574 3:

230 3633 361 3725 Ἀμφω
389 3634 465 3728 soiy'
491 3637 578 3727 ἧτην
606 3639 829 3731 πνρῤοτρίχα,
860 3634 962 3725 ἄμφω
989 3632 1127 3725 desisto,

271 3746 404 3838 Ἀμφα
431 3752 583 3841 σαρίσδεν
611 3752 826 3844 δεδαημένα,
857 3747 959 3841 ἄμφω
989 3747 1117 3832 alcides,

149 3875 179 3926 et
204 3885 235 3927 v.
254 3870 312 3928 11:

233 3971 404 4065 Χρῄσδεις
424 3967 471 4044 ὦν
489 3977 619 4058 ἐσιδεῖν,
638 3970 790 4068 χρῄσδεις
807 3983 1009 4045 καταθεῖναι
1025 3969 1173 4055 debiam

275 4084 426 4179 Χρῂσδα
438 4082 528 4157 τοῦτ’
541 4088 669 4169 ἐσιδεῖν,
678 4081 806 4179 χρῄσδα
818 4093 1019 4159 καταθεῖναι
1032 4082 1174 4159 ἄεθλον.
