3009 4725
225 479 235 496 .
297 411 356 470 rra
526 404 1069 477 uoruoEera.1ur1auur.1

295 583 400 635 omniuo
423 581 543 634 'libutiua
566 581 622 635 lore
645 587 674 634 ut
698 583 774 635 Delia
793 584 869 651 plane
886 593 1049 640 assumeret
1067 587 1179 652 negotiis
1199 590 1310 654 rusticio,

294 695 377 746 eaque
406 681 441 732 ita
469 681 493 732 ci
525 682 657 748 placerent
688 689 718 734 ut
745 682 880 742 discedere
910 687 990 739 uallet
1018 700 1136 752 uuquam.
1162 711 1198 722 -
1231 703 1310 740 coo-

294 779 760 837 auorcatludereveroaele.
793 783 1215 837 comultomutaritrobieotum.
1247 782 1308 836 Nou
1389 793 1394 798 ·

294 880 369 934 Delia
394 889 546 935 comuercat
571 883 662 937 ludere
687 900 746 938 cum
776 901 868 949 verua,
895 899 963 949 quae
987 898 1035 934 uec
1059 897 1106 949 per
1123 898 1153 935 ee
1171 884 1307 935 commoda

291 980 389 1031 locutio
413 985 470 1045 eat,
496 994 545 1033 uec
568 986 679 1034 mentem
706 987 802 1047 poetae
827 981 961 1047 exprimit,
989 978 1035 1031 aed
1061 991 1140 1032 verua
1164 982 1189 1032 in
1215 980 1306 1033 Deliae

291 1078 400 1143 gremio,
418 1079 502 1147 potita
519 1078 665 1131 timiditate.
700 1075 762 1127 Hoc
781 1078 848 1127 enim
862 1075 931 1127 vulta
952 1078 1093 1130 Arsueaoct
1106 1077 1180 1130 Delia
1193 1078 1303 1144 negotiis

291 1179 407 1242 raaticlr,
434 1183 582 1230 moueant
601 1175 690 1227 roatici
707 1190 796 1227 amare
814 1174 931 1241 Deliam,
958 1176 983 1227 irr
1008 1191 1061 1243 quo
1086 1178 1185 1245 optime
1210 1192 1306 1229 reruae

289 1275 462 1328 familiaritate
479 1289 526 1342 pro
544 1275 665 1342 exemplo
682 1276 773 1327 utitur.
810 1275 921 1327 Constat
937 1276 1005 1328 enlm
1026 1291 1118 1330 reruar
1137 1276 1216 1330 laium
1233 1277 1304 1331 domi

288 1380 363 1428 nator
380 1381 408 1428 et
423 1375 535 1426 nutritor
553 1389 648 1442 pueros
666 1389 765 1440 aervoa,
782 1390 848 1443 quor
866 1375 997 1429 liberalior
1011 1374 1148 1441 habebant,
1168 1375 1304 1446 placebat-

287 1488 338 1540 que
356 1487 445 1525 eorum
462 1473 615 1538 camelitas,
641 1471 775 1537 dimcitaa,
793 1472 926 1526 familiarir
943 1474 1119 1538 cousuetudo,
1143 1473 1177 1528 cs.
1195 1474 1301 1528 Harma.

287 1573 319 1626 ad
337 1573 429 1626 Horat.
448 1573 504 1625 Sat.
522 1571 557 1637 ll,
575 1576 602 1637 d,
619 1576 708 1627 ou-
725 1574 853 1642 miro.
872 1574 1031 1627 Secundo
1050 1575 1129 1627 loco
1147 1574 1189 1625 de
1205 1573 1303 1625 cultu

286 1672 426 1726 deorum
451 1673 641 1738 agrestium
665 1669 763 1723 diclt.
799 1670 923 1724 Nominat
940 1687 1003 1724 vero
1020 1673 1101 1723 iactat
1119 1671 1231 1723 omnium
1249 1670 1304 1723 Sli-

285 1786 387 1838 rarum,
404 1788 481 1838 quem
499 1787 618 1825 arvorum
636 1772 791 1841 pecorisque
806 1772 885 1825 deum
902 1773 1052 1826 Vmomrua
1072 1769 1136 1822 dicit
1153 1772 1217 1822 Aera
1232 1767 1304 1830 vill,

284 1874 346 1922 ool.
383 1871 469 1936 Atque
486 1875 516 1921 ut
533 1885 654 1923 arvorum
672 1869 723 1923 deo
741 1872 842 1938 spicae,
860 1886 938 1936 urae,
957 1886 1034 1939 poma
1052 1870 1076 1922 ei
1096 1868 1256 1933 offerebant,
1273 1873 1304 1919 ut

284 1972 395 2039 pecario,
413 1972 455 2023 lac
472 1977 500 2022 et
516 1971 620 2038 dapem.
656 1971 724 2024 Vide
742 1974 815 2039 plura
833 1971 902 2039 apud
920 1971 997 2024 Vera.
1017 1967 1049 2021 ad
1069 1969 1143 2035 Virg·
1158 1967 1251 2034 Eulog.
1267 1966 1301 2030 X,

284 2075 380 2141 pull.
398 2072 596 2139 Agricolam
614 2071 709 2124 deum
727 2072 814 2125 vidiati
832 2087 891 2124 eam
910 2070 1006 2123 dictum
1024 2070 1076 2121 iam
1093 2084 1171 2134 supra
1189 2067 1210 2132 1,
1224 2069 1301 2133 r,14.

284 2176 363 2236 atqua
387 2170 481 2221 iterum
507 2175 593 2222 errant
617 2170 661 2236 qui
684 2169 821 2221 collective
845 2167 908 2220 haec
932 2166 1165 2239 verbataocipiuut
1190 2165 1224 2217 de
1247 2164 1298 2216 diia

282 2269 421 2337 agricolis,
448 2267 518 2336 quod
542 2269 653 2321 alienum
671 2268 704 2321 ab
725 2267 773 2319 lroc
792 2269 857 2318 loco.
878 2337 881 2346 ι
899 2266 993 2322 Suavis
1011 2270 1097 2316 autem
1115 2262 1212 2314 Tibulli
1230 2262 1296 2314 lma-

282 2367 390 2435 giuatlo.
424 2368 539 2421 Quarum
558 2366 625 2419 euim
643 2366 720 2417 trium
738 2379 822 2417 rerum
843 2362 1039 2431 praecipuarum
1058 2377 1147 2415 curam
1167 2358 1296 2415 mandarit

283 2465 383 2529 Deliae,
401 2463 488 2518 harum
508 2482 539 2519 ea
556 2480 624 2518 nuuc
641 2467 718 2517 etiam
738 2464 863 2532 primitias
879 2463 973 2516 offeret
991 2464 1042 2516 deo
1058 2464 1132 2530 quari
1149 2462 1251 2515 domina
1270 2469 1299 2516 et

284 2566 482 2621 materfamiliae
501 2592 535 2606 -
563 2572 700 2633 augete,
724 2565 876 2633 producitur
899 2564 999 2630 ayllaira
1022 2564 1107 2617 finalia
1130 2563 1300 2630 mouentibus

282 2665 482 2719 courouautibur
516 2672 545 2717 ut
579 2665 652 2718 aliar.
696 2665 777 2717 Plora
809 2664 868 2718 ride
899 2664 969 2732 apud
1000 2664 1137 2717 Baouruu.
1163 2689 1200 2703 --
1234 2679 1300 2731 pro

282 2778 403 2831 grege,
430 2763 516 2815 orium
542 2767 569 2815 et
594 2776 730 2829 caprarum
749 2768 821 2830 puta.
857 2762 981 2815 Ceterum
1006 2762 1032 2815 ia
1056 2768 1119 2815 roto
1142 2777 1191 2831 pro
1215 2761 1299 2815 bubur

281 2863 398 2918 iaciendo
423 2877 517 2917 exerce
544 2860 655 2914 debebat
681 2863 788 2926 utarller,
815 2861 849 2915 cl.
875 2861 951 2915 cluo
980 2861 1014 2915 de
1038 2862 1081 2914 Re
1105 2863 1183 2916 Ruat
1200 2865 1245 2917 88.
1264 2888 1299 2902 ·-

282 2963 316 3018 V.
334 2967 379 3016 29.
397 2967 442 3016 llo.
479 2961 533 3013 lam
553 2959 695 3029 dercriptio
715 2962 877 3028 singularum
895 2977 981 3014 rerum
1001 2962 1206 3015 antecedentium
1225 2963 1298 3016 clau·

281 3062 351 3116 ditor
368 3060 475 3131 pulchre
498 3058 620 3129 generali
643 3060 795 3131 mutantia,
821 3078 869 3128 per
887 3078 969 3131 quum
987 3060 1082 3112 deinde
1099 3061 1139 3113 od
1154 3062 1239 3113 ulium
1255 3060 1298 3114 lo·

282 3178 341 3211 cum
363 3158 463 3230 pergit.
481 3184 517 3196 -
546 3156 729 3209 Couluuctiror
757 3172 805 3225 pro
829 3156 923 3211 iuturir
947 3159 1043 3227 porait·
1078 3159 1168 3212 Porcia
1192 3159 1297 3226 quidam

280 3269 379 3327 regat
398 3275 435 3329 pr.
452 3258 554 3325 reglto,
578 3258 650 3310 aiat
667 3272 706 3326 pr.
724 3265 802 3312 auuto
819 3260 956 3328 accipere,
974 3264 1004 3311 ut
1023 3259 1130 3325 Ulyarer
1147 3257 1297 3325 Penelopae

280 3357 343 3411 dicit
361 3357 436 3410 ΗοΙ.
455 3357 551 3423 Odytr.
568 3354 643 3421 xlx,
659 3359 730 3409 265:
759 3360 801 3409 col
818 3351 844 3407 δ’
860 3352 956 3409 ἐνθάδε
975 3351 1062 3409 πάντα
1078 3350 1225 3417 μολόντων,
1249 3355 1296 3410 κά

280 3455 331 3507 alia
348 3453 385 3504 lbi
405 3469 464 3519 rer,
483 3462 510 3508 et
527 3469 579 3508 uoo
595 3454 716 3508 coureuit
733 3455 847 3520 iuret,
866 3455 936 3522 quod
953 3461 1045 3524 aperte
1063 3470 1103 3523 pr.
1118 3453 1228 3507 iuvabit
1245 3459 1296 3507 eet.

280 3555 349 3606 Sunt
372 3553 528 3607 coniunctiri
552 3556 630 3609 etiam
656 3555 681 3608 iu
708 3556 883 3624 aequantibus.
925 3555 1053 3609 Nimirum
1071 3555 1204 3625 inpriore
1223 3558 1296 3620 parta

279 3648 458 3716 descriptlouia
475 3651 530 3716 ipra
556 3651 643 3707 lutura
661 3663 846 3725 usurpaverat,
875 3671 943 3709 nuuc
967 3656 1078 3709 molliori
1103 3656 1174 3709 tacto
1199 3655 1296 3709 atauo

278 3749 312 3802 ad
330 3747 506 3803 eooiuuatiroe
523 3753 621 3807 traurlt.
631 3781 666 3795 -
683 3755 815 3821 Adiuvat,
833 3757 903 3824 quod
917 3759 943 3810 io
960 3758 1041 3822 libris,
1059 3757 1234 3810 Germanou
1249 3770 1297 3824 per

276 3846 306 3898 ln
328 3855 436 3917 portem
457 3846 533 3901 iuvat
558 3851 683 3919 explicari
707 3850 749 3906 hle
773 3869 851 3921 porra
874 3854 989 3921 pambat.
1024 3855 1142 3909 Frustra.
1179 3854 1232 3909 Qut
1251 3853 1295 3905 At

282 3955 347 3999 uoer
366 3947 509 4005 defendere
526 3952 624 4018 volout,
642 3961 774 4021 oppoueat
794 3953 843 4007 lroc
860 3969 900 4006 vv.
919 3954 1029 4007 illa-
1040 3955 1113 4019 iili,
1134 3958 1162 4005 et
1179 3953 1296 4019 explica·

277 4042 359 4095 boote
394 4047 437 4097 Ar
463 4048 594 4100 iuver-
611 4066 652 4101 aaa
676 4068 703 4118 p.
738 4053 775 4102 At
801 4064 857 4114 me,
886 4067 928 4105 me
954 4066 1018 4106 vero
1046 4052 1127 4105 iuret.
1163 4050 1218 4104 Sed
1246 4048 1297 4102 hoo

274 4157 353 4196 reuco
371 4144 492 4199 Tloulloa
509 4148 552 4203 At
573 4166 613 4201 me
631 4150 756 4216 dirimet,
780 4152 906 4231 utttoliea
923 4152 966 4206 At
987 4160 1036 4208 ru,
1061 4151 1104 4205 At
1122 4147 1187 4207 tibi.
1206 4147 1248 4201 At
1267 4155 1295 4198 te
