3009 4725
474 402 659 475 TIBULLI
694 401 780 475 ΠΒ.
799 402 841 475 Π.
860 417 887 475 6.
1133 408 1184 480 59

203 592 255 664 Ne
279 588 344 663 tibi
368 587 515 689 neglecti
540 589 673 663 mittant
694 584 786 662 mala
810 588 943 662 somnia
967 589 1105 678 Manes,

252 721 455 820 Maestaque
481 719 611 820 sopitae
637 734 702 792 stet
724 745 824 791 soror
850 735 927 790 ante
953 735 1084 807 torum,

204 848 325 946 Qualis
352 848 396 922 ab
424 847 554 921 excelsa
580 873 743 947 praeceps
768 845 908 948 delapsa
935 847 1084 920 fenestra

161 994 199 1052 40
258 979 363 1052 Venit
385 977 430 1050 acl
454 977 605 1050 infernos
632 975 895 1074 sanguinolenta
919 975 1025 1054 lacus.

207 1106 360 1194 Desino,
384 1134 429 1179 ne
452 1105 608 1179 dominae
634 1105 748 1179 luctus
769 1123 975 1179 renoventur
1001 1106 1134 1180 acerbi:

256 1234 335 1307 Non
359 1261 422 1333 ego
449 1263 523 1308 sum
550 1234 650 1324 tanti,
683 1233 795 1335 ploret
819 1251 857 1307 ut
881 1233 939 1307 illa
965 1233 1076 1308 semel.

204 1366 276 1438 Nec
301 1362 448 1437 lacrimis
476 1364 594 1438 oculos
622 1363 727 1461 digna
755 1380 805 1436 est
827 1363 966 1437 foedare
990 1364 1166 1466 loquaces:

255 1495 348 1567 Lena
372 1512 474 1568 nocet
500 1493 621 1584 nobis,
652 1493 728 1595 ipsa
753 1493 866 1595 puella
886 1494 985 1592 ¹bona
1011 1512 1070 1572 est.

163 1625 300 1699 45Lena
325 1642 424 1698 necat
448 1625 612 1697 miserum
638 1623 778 1728 Phryne
801 1623 986 1726 furtimque
1008 1623 1148 1698 tabellas

256 1752 399 1827 Occulta
424 1771 566 1855 portans
592 1753 685 1854 itque
711 1754 867 1855 reditque
894 1754 989 1827 sinu:

210 1882 339 1983 Saepe,
373 1909 436 1980 ego
463 1886 540 1956 cum
566 1883 727 1957 dominae
750 1882 866 1957 dulces
890 1912 911 1956 a
935 1882 1053 1955 limine
1079 1881 1167 1953 duro

257 2011 421 2110 Agnosco
446 2041 562 2104 voces,
596 2013 681 2088 haec
707 2032 811 2112 negat
836 2041 909 2087 esse
933 2013 1045 2086 domi:

208 2142 330 2246 Saepe,
346 2143 406 2217 ubi
422 2172 490 2217 nox
503 2145 672 2245 promissa
687 2144 772 2217 mihi
786 2161 845 2232 est,
867 2143 1029 2242 languere
1042 2139 1190 2244 puellam

168 2289 206 2346 50
264 2272 406 2346 Nuntiat
432 2290 491 2346 aut
514 2273 644 2373 aliquas
671 2274 862 2348 extimuisse
885 2274 1006 2347 minas,

211 2405 310 2478 Tunc
334 2404 465 2478 morior
490 2404 592 2493 curis,
617 2421 698 2479 tunc
713 2433 811 2479 mens
828 2405 912 2480 mihi
932 2405 1065 2507 perdita
1083 2401 1192 2502 fingit,

262 2533 389 2630 Quisve
413 2563 525 2609 meam
550 2552 680 2627 teneat,
715 2554 799 2636 quot
821 2554 969 2609 teneatve
995 2536 1126 2609 modis:

212 2661 311 2735 Tunc
340 2662 419 2753 tibi,
444 2662 538 2755 lena,
570 2691 695 2767 precor
718 2663 828 2737 diras:
854 2663 935 2736 satis
963 2666 1063 2739 anxia
1088 2664 1191 2756 vivas,

258 2792 406 2867 Moverit
428 2820 446 2868 e
469 2795 553 2869 votis
579 2823 661 2897 pars
688 2810 927 2896 quotacunque
954 2790 1046 2864 deos.

223 3052 257 3108 V.
268 3055 312 3106 45.
333 3063 410 3107 vetat
427 3057 495 3112 libri.
531 3058 683 3111 Pom-tuus
704 3062 819 3122 necet,
844 3072 910 3123 quae
929 3055 1027 3124 optimo
1045 3051 1193 3105 coniectura

168 3150 227 3202 iure
243 3153 339 3218 placuit
355 3156 442 3222 vulgo.
478 3155 672 3210 Lucretianum
690 3162 779 3210 noster
794 3164 871 3215 vocat
889 3154 1010 3226 proponit
1026 3152 1059 3206 ad
1070 3152 1192 3220 Propert.

170 3265 198 3316 p.
210 3251 271 3304 182.
293 3251 361 3318 quod
380 3268 431 3306 non
450 3253 621 3321 probaverim.
