3009 4725
890 251 1108 318 LIBR.
1155 253 1269 318 lv.
1353 253 1611 319 CARM.
1659 255 1774 319 VI.
2207 261 2332 322 449

297 424 411 490 dei,
454 423 589 478 bene
618 428 855 478 ornatum
891 423 1077 477 adesse
1117 423 1279 490 sesto,
1316 422 1383 476 cf.
1421 422 1490 488 11,
1528 426 1581 489 5,
1620 428 1673 478 7.
1711 451 1781 463 -
1832 423 1862 476 s
1870 424 1953 491 it,
1988 427 2324 483 sacrificatur.

294 527 409 579 Res
444 531 584 581 nota.
622 554 693 566 —
748 526 830 579 De
864 526 1011 579 libo
1059 525 1124 579 cs.
1172 525 1240 578 ad
1274 524 1318 591 1,
1359 531 1414 591 7,
1450 528 1540 578 54.
1591 531 1649 577 et
1695 526 1814 579 vide
1851 526 1924 593 Π,
1958 531 2012 594 2,
2046 534 2101 585 8.
2174 532 2325 598 Veni,

294 624 369 675 ait
405 629 589 691 poeta,
625 624 738 692 ipsa
772 624 944 677 visura
979 622 1200 677 honores
1233 627 1351 676 tuos
1387 629 1442 676 et
1476 622 1609 676 save.
1649 651 1721 664 —
1757 624 1820 679 V.
1852 630 1918 679 15
1954 643 2067 695 sqq.
2127 629 2256 683 Ρη
2271 646 2330 684 e-

295 723 474 791 cipit
530 729 597 775 et
649 730 857 776 natae
907 730 1009 780 etc.
1099 725 1340 778 Alienum
1388 731 1470 778 est
1517 741 1586 775 en
1634 724 1795 792 vulgo
1829 727 2051 788 nectum.
2135 728 2332 783 Sensus

296 835 421 873 vero
458 819 570 873 hic:
620 821 885 891 Praecipit
919 822 1128 890 quidem
1165 828 1333 876 mater
1366 822 1605 875 studiosa
1641 824 1800 875 etiam
1835 824 1974 877 filiae
2010 825 2149 893 quod
2186 832 2334 895 optet

297 923 353 971 et
385 925 539 986 roget
574 918 756 984 deam,
809 926 870 972 ut
909 919 1023 987 ipsa
1057 935 1243 987 preces
1277 918 1438 985 facit,
1484 921 1574 973 illa
1611 934 1738 973 vero
1775 922 1915 975 aliud
1954 925 2113 978 tacite
2148 939 2334 994 preca-

297 1024 399 1072 tur.
435 1045 509 1059 —·
560 1019 911 1085 studiosa,
968 1018 1260 1086 explicant:
1316 1017 1601 1070 commodis
1634 1019 1775 1072 filiae
1817 1022 2151 1089 prospiciens.
2223 1024 2334 1077 Sed

298 1116 472 1184 potius
516 1132 593 1185 pr.
644 1115 890 1169 adverbio
937 1113 1176 1168 studiose
1223 1114 1449 1183 accipias
1499 1120 1555 1165 et
1588 1114 1656 1166 ad
1687 1117 1955 1189 praecipit
1995 1121 2224 1188 referas,
2275 1129 2336 1176 ut
2390 1183 2394 1188 .

300 1214 433 1268 dixit
468 1232 519 1269 v.
554 1220 619 1269 3:
671 1233 727 1268 se
763 1214 1063 1268 laetissima
1098 1213 1347 1282 compsit,
1399 1220 1455 1267 et
1489 1216 1542 1280 4,
1574 1218 1677 1267 192
1732 1215 1968 1268 candida
2001 1220 2228 1291 cogitat.
2267 1250 2353 1280 -,
2374 1262 2393 1276 ,

299 1315 426 1368 iam
477 1331 612 1367 sna.
686 1316 767 1367 De
814 1312 1277 1380 significationibus
1325 1314 1480 1365 variis
1530 1315 1846 1381 pronominis
1897 1316 2092 1372 diserte
2125 1321 2342 1390 exponit

300 1412 579 1475 Vunrws3
631 1426 768 1463 nnnc
816 1410 927 1460 iam
961 1425 1065 1462 sua
1101 1414 1213 1461 est:
1260 1409 1363 1460 iam
1408 1424 1559 1463 suum
1609 1412 1908 1480 arbitrium,
1962 1431 2087 1470 suos
2119 1418 2341 1475 affectus

303 1526 544 1579 sequens.
616 1511 836 1564 Insuave
871 1509 968 1563 hoc
998 1510 1176 1562 dicunt
1212 1515 1265 1561 et
1299 1509 1523 1577 probant
1553 1510 1782 1564 Hssmsn
1816 1514 2165 1569 coniecturam
2199 1518 2342 1569 clam

301 1606 422 1661 sibi.
493 1610 694 1663 Tamen
727 1625 862 1676 quae
897 1610 969 1660 ita
1006 1607 1161 1673 tacit,
1194 1622 1364 1660 nonne
1400 1613 1483 1660 est
1519 1605 1628 1659 iam
1663 1607 1812 1661 sua?
1837 1638 1912 1650 —
1960 1617 2036 1665 nt
2068 1615 2342 1668 celeres

303 1708 332 1760 f
341 1710 637 1763 lammae.
709 1708 1024 1763 Ardeatibus
1059 1709 1113 1761 in
1150 1707 1267 1761 foro
1292 1708 1512 1776 ‚ignibus
1559 1709 1798 1763 sacrificii
1835 1711 2122 1780 praesentis
2169 1729 2344 1780 causa,

303 1811 532 1863 suaviter
564 1810 686 1863 inde
735 1812 931 1879 petitur
978 1812 1310 1879 comparatio.
1347 1838 1419 1852 -
1474 1810 1615 1864 Nec
1663 1825 1824 1863 sana
1877 1809 2099 1863 fuisse
2146 1812 2342 1878 velit,

304 1905 355 1963 h.
394 1924 441 1963 e.
493 1925 595 1963 non
648 1908 745 1962 uri.
821 1909 1069 1963 Ceterum
1105 1909 1174 1963 cf.
1223 1923 1383 1978 supra
1415 1906 1486 1974 11,
1523 1911 1578 1974 5,
1613 1911 1751 1962 110:
1809 1910 1888 1961 Et
1925 1908 2103 1980 faveo
2150 1906 2346 1968 morbo,

305 2017 423 2060 tam
461 2009 622 2062 iuvat
655 2008 769 2079 ipse
810 2007 979 2060 dolor.
1048 2006 1209 2062 Addit
1240 2006 1506 2060 Harmus
1543 2003 1755 2065 Anthol.
1788 2006 1912 2063 Lat.
1948 2008 2045 2075 ΙΙΙ,
2082 2024 2166 2079 ep.
2202 2012 2343 2063 1942

302 2109 415 2161 Hic
437 2110 635 2180 juror,
675 2107 791 2167 hic,
826 2109 1039 2180 superi,
1072 2108 1147 2161 sit
1182 2107 1314 2160 mihi
1343 2116 1660 2178 perpetuus,
1696 2135 1768 2147 -
1826 2110 1893 2163 V.
1935 2113 2003 2163 19
2039 2126 2119 2178 sq.
2189 2110 2346 2163 Diffi-

306 2213 419 2265 cilis
455 2215 618 2268 locus.
706 2213 989 2267 Lectiones
1024 2212 1345 2280 antiquiores
1381 2218 1504 2266 sunt
1539 2210 1628 2268 Si,
1664 2209 1782 2267 Sis,
1820 2210 1911 2262 Sic
1942 2210 2126 2263 iuveni
2155 2220 2346 2283 grata.

308 2313 715 2374 Lscmumws,
752 2314 841 2377 qui
876 2328 1077 2364 comma
1112 2319 1233 2379 post
1266 2312 1444 2364 velit
1478 2312 1655 2380 posuit
1688 2316 1743 2364 et
1777 2312 1850 2365 Si
1886 2313 2102 2382 recepit,
2138 2312 2351 2367 coniicit

310 2416 524 2477 gratae.
597 2406 821 2459 Videtur
856 2408 1017 2472 igitur
1054 2407 1130 2458 sic
1170 2407 1521 2459 intellexisset
1557 2409 1674 2460 Nec
1707 2412 1876 2463 sanari
1910 2414 2053 2479 velit,
2089 2414 2136 2467 si
2171 2411 2348 2480 modo,

312 2525 428 2560 cum
467 2506 634 2559 iuveni
670 2512 884 2572 gratae,
934 2504 1302 2558 beneficiorum
1338 2510 1546 2556 tuorum
1581 2507 1832 2571 memori,
1881 2513 2148 2574 proximus
2181 2527 2349 2566 annu.

314 2608 519 2673 veniet,
568 2605 652 2659 hic
686 2603 826 2657 idem
863 2619 1008 2657 amor
1043 2601 1180 2655 adsit
1216 2601 1364 2655 votis.
1436 2602 1583 2653 Alius
1620 2607 1813 2668 puncto
1853 2612 1971 2670 post
2006 2605 2137 2657 velit
2177 2613 2349 2676 pomo

311 2707 374 2757 δι’
416 2722 492 2774 pr.
539 2706 735 2758 utinam
770 2704 1006 2770 accipiat.
1092 2700 1289 2755 Verum
1334 2696 1545 2751 iuvenis
1579 2697 1647 2750 de
1682 2699 1855 2766 puella
1892 2699 1944 2752 in
1964 2699 2071 2767 „bis
2106 2706 2350 2758 carmini-

313 2805 411 2857 bus
451 2819 552 2856 non
589 2802 810 2866 dicitnr,
844 2800 933 2852 ubi
971 2797 1246 2852 Corinthus
1280 2798 1471 2864 ubique
1509 2794 1611 2851 hoc
1644 2813 1833 2851 nomen
1871 2799 1989 2854 fert.
2061 2800 2124 2853 In
2160 2800 2351 2856 editio-

314 2907 466 2959 nibus
501 2911 621 2956 ante
655 2902 1021 2956 Scsmessntm
1058 2897 1350 2952 emendatio
1397 2902 1597 2950 exstat:
1657 2896 1743 2949 Sit
1778 2898 1961 2951 iuveni
1997 2905 2198 2969 grata,
2248 2899 2353 2950 ad.

314 3005 492 3061 veniet
545 3024 681 3059 cum.
751 3005 930 3057 ersn
980 3001 1245 3071 Excerpta
1297 3001 1546 3070 praebent
1599 2976 1672 3051 (ω’
1718 2999 1924 3060 veniet,
1978 3003 2053 3055 uti
2107 3002 2265 3055 etiam
2320 3019 2354 3056 a

315 3108 662 3161 Passienum
700 3103 1043 3159 emendatum.
1127 3103 1298 3168 Atque
1334 3099 1425 3153 has
1462 3101 1812 3154 correctiones
1854 3115 1972 3153 cum
2007 3101 2122 3154 siiis
2159 3099 2355 3170 proba-

314 3215 438 3259 runt
473 3208 764 3271 Hermus,
818 3205 1073 3270 Vossms,
1125 3203 1637 3265 Wuunnnmcmcs,
1693 3205 1966 3265 [ji.÷.-:um„-..÷‹÷2,f
2014 3205 2354 3265 Husrffl-nrs,

315 3310 676 3361 GOLBRRYUS.
746 3306 857 3359 Iam
893 3307 993 3358 erIt
1025 3320 1235 3358 senense
1287 3306 1469 3373 Quare
1506 3301 1617 3373 sm}
1669 3309 1729 3349 ur
1781 3321 1909 3353 etim
1962 3301 2034 3353 sit
2090 3305 2354 3361 Usi-indm,

317 3427 385 3461 ac
426 3417 555 3479 post
603 3425 803 3458 annum
854 3405 965 3458 iam
1013 3404 1349 3456 inveteratus
1394 3401 1470 3454 sit
1525 3401 1613 3452 hir
1665 3421 1821 3458 amor.
1901 3405 2052 3462 Hune.
2090 3413 2354 3478 nptiffiiffla

318 3513 577 3566 sententia
610 3517 689 3565 est
724 3512 776 3563 in
812 3509 955 3562 exitu
993 3506 1247 3570 carminis,
1284 3503 1585 3559 observanti:
1625 3506 1777 3558 ctiam
1819 3510 2030 3574 fossio,
2078 3514 2174 3562 nisi
2214 3514 2350 3574 quod

321 3626 401 3680 pr.
439 3615 640 3678 gratu
674 3611 880 3662 mallem
916 3622 1063 3658 cara.
1134 3602 1457 3656 Huscnxms
1494 3604 1757 3666 eleganter
1797 3606 2034 3654 enniicin
2070 3606 2154 3654 Sis:
2178 3606 2358 3654 issa-wir

314 3710 535 3779 placeat
552 3741 565 3765 ‚
614 3723 767 3774 quam
804 3705 921 3760 hnic
956 3704 1116 3760 verbo
1153 3703 1379 3772 glossam
1410 3711 1599 3775 „grata
1634 3702 1739 3756 sit“
1774 3702 1938 3755 videri
1977 3704 2139 3772 possit
2175 3705 2358 3772 aliquis

320 3810 441 3862 oiim
480 3807 828 3874 adscripsisse.
901 3804 1032 3858 Mihi
1069 3807 1210 3873 quod
1256 3812 1308 3868 in
1352 3811 1429 3867 his
1480 3805 1724 3876 displicet
1771 3803 2026 3870 maxime,
2072 3804 2360 3870 asyndeton

275 3925 282 3932 ·
322 3917 434 3975 est,
462 3909 467 3914 “
486 3907 732 3978 placeat,
786 3905 980 3959 veniet.
1068 3907 1206 3972 Nam
1242 3920 1380 3998 quod
1419 3914 1756 3974 Huscnxms
1793 3903 2002 3958 damnat
2037 3907 2274 3974 copuiam
2305 3909 2368 3957 ut

322 4007 617 4078 languidam
634 4045 652 4073 ,
688 4005 739 4060 in
774 4019 841 4060 eo
876 4005 1067 4061 fallitur
1101 4009 1241 4090 haud
1280 4030 1472 4100 dubim
1523 4012 1773 4090 praestat
1805 4004 1895 4066 hic
1925 4007 2211 4064 certissime
2241 4005 2375 4061 mol-

1745 4115 1840 4172 2¹3
