3009 4725
289 397 293 406 ’
406 458 409 464 .
480 415 591 480 mun.
612 416 637 479 1.
679 417 801 481 nnnc.
822 420 863 482 v.
1112 428 1174 483 αα

151 591 310 650 commoveri
328 591 395 644 solet
411 589 527 657 graviter
545 588 683 642 mulierum
699 589 800 642 animm
823 590 930 645 timidus
955 596 984 645 et
1005 592 1169 661 superstitios

152 710 199 749 sus
217 689 364 747 huiusmodi
381 688 470 741 rebus„
515 687 569 741 Sed
586 687 713 741 accedere
730 688 821 742 debuit
837 691 916 744 etiam
936 692 1006 745 uliud
1025 696 1173 762 persuasio.

151 795 191 847 uis
209 808 310 859 genus3
328 795 467 858 postquam
485 785 565 852 igitur
582 791 655 839 metu
671 788 766 839 malum
787 803 891 842 causam
909 769 996 843 sicali,
1013 792 1170 846 labemur,

151 899 260 949 conatus
278 900 333 956 est,
359 903 439 958 portu
459 887 539 939 etiam
558 885 678 937 utilitatis
699 886 800 939 ratione
823 903 933 940 avocare
951 891 1063 957 puellam
1086 891 1120 944 sb
1137 906 1171 945 en

150 1008 199 1047 ausu
218 996 341 1055 conatur,
370 1003 419 1057 pro
436 986 586 1040 muneribus
603 985 653 1038 ulia
671 987 761 1038 suavia
778 987 914 1040 commoda
932 997 1084 1044 monstrans.
1118 994 1170 1046 As.

152 1108 203 1159 que
220 1092 258 1143 ita
276 1090 354 1142 etiam
372 1086 413 1140 bic
431 1085 545 1154 perlecta
563 1085 648 1136 unitas
667 1099 753 1138 rernm
772 1091 828 1150 est,
857 1087 956 1155 optimc
974 1089 1112 1143 adingam
1129 1092 1169 1143 qq.

153 1196 211 1242 tero
238 1188 297 1240 loco
319 1187 438 1239 alterum.
473 1182 592 1236 Vidimus
613 1182 752 1235 secundam
777 1191 887 1251 partem.
929 1187 1032 1253 Collige
1056 1190 1168 1258 denique
1276 1187 1280 1194 '

152 1287 238 1340 omnia
261 1299 339 1338 unum
364 1285 391 1336 in
414 1289 596 1351 conspectum,
622 1288 649 1335 et
671 1282 771 1337 ridebis
795 1284 991 1352 pulcherrimam
1017 1290 1167 1343 varietatem

151 1401 238 1439 rerum
257 1392 286 1438 et
303 1384 442 1437 affectuum
460 1381 494 1436 ad
513 1397 591 1434 uuum
610 1383 688 1434 linem
705 1382 857 1437 suavissime
877 1387 1076 1455 conspirantem.
1110 1393 1169 1447 Re·

151 1490 204 1540 stat
220 1490 250 1537 ut
269 1482 303 1538 de
319 1483 416 1537 ultimis
433 1478 552 1535 distichis
568 1477 692 1534 dicamus.
727 1479 778 1534 Est
794 1484 1046 1556 παρακλαυσίθυρον
1063 1504 1167 1545 cutmen

152 1593 181 1638 ut
198 1585 312 1652 lingitur,
328 1584 502 1652 imposuitque
521 1582 641 1637 Tibullus
662 1581 766 1632 exitum
784 1581 843 1636 huic
861 1586 951 1652 generi
969 1587 1044 1642 valde
1060 1603 1166 1644 accon-

46 1751 54 1762 ·
152 1682 290 1738 modatum.
327 1683 485 1738 cumcuim
510 1699 562 1737 nou
589 1683 721 1752 aperiatur
742 1683 820 1737 ianua
844 1685 978 1753 precibus,
1004 1696 1088 1743 mutat
1104 1708 1166 1746 seu-

152 1784 259 1838 teutlsm
286 1787 314 1837 et
337 1783 448 1836 discedit
472 1799 529 1837 cum
553 1783 672 1836 irrisione
700 1783 796 1836 rivulis·
837 1784 969 1839 Praedicit
991 1784 1050 1841 huic
1073 1791 1166 1845 similia

151 1884 221 1950 lala,
245 1883 348 1950 iamque
365 1882 457 1936 adesse
474 1883 511 1934 ait
531 1897 625 1935 norum
643 1887 813 1949 tentatorem,
836 1886 880 1951 qul
898 1886 1045 1956 conspirare
1062 1891 1166 1943 occulte

151 1997 210 2036 cum
230 1983 306 2036 Delia
329 1982 462 2049 rideatur3
485 1984 578 2038 suadet
603 1984 684 2051 igitur
707 1986 731 2041 ei
755 1999 806 2038 uon
831 1986 887 2039 sine
909 1988 992 2041 ironia
1014 1996 1045 2043 ut
1069 1997 1165 2061 autur,

149 2081 210 2135 dum
234 2083 328 2148 ltcest,
353 2084 546 2151 opportunitate
571 2098 633 2136 mcx
659 2084 781 2152 peritura.
822 2083 957 2139 Errareris
980 2089 1164 2158 maximopere,

150 2182 172 2234 si
187 2182 281 2236 credas
304 2182 374 2236 serio
396 2182 542 2235 valedicere
566 2183 670 2249 puellae
695 2181 744 2236 hcc
769 2183 1008 2253 curculionum,
1036 2194 1065 2241 ut
1088 2190 1164 2257 plane

150 2279 292 2349 desperatis
316 2280 410 2346 rebus3
438 2296 525 2348 neque
550 2282 619 2334 cuim
643 2281 688 2349 qui
716 2297 763 2350 per
787 2288 871 2336 totam
894 2285 1005 2353 elegiam
1029 2286 1164 2342 discidium

115 2399 121 2406 ·
149 2383 241 2436 tollere
257 2389 374 2450 conetur,
391 2384 417 2436 in
435 2385 487 2436 line
504 2384 575 2437 serio
593 2383 740 2439 valedicere
758 2386 784 2438 iu
802 2392 956 2456 perpetuum
975 2394 1070 2458 potest
1106 2389 1164 2445 Nec

151 2483 225 2536 Delia
249 2484 286 2536 lta
311 2481 375 2536 baec
400 2483 571 2550 intelligebat.
608 2484 720 2541 Quoties
746 2484 815 2538 enim
841 2485 925 2540 dicum
950 2486 1077 2541 similibus
1104 2504 1164 2545 cum

150 2580 236 2633 verbis
254 2579 402 2634 discessisse
419 2597 436 2634 a
455 2583 537 2635 ianuis
555 2583 700 2651 puellarum
724 2590 871 2649 smatores,
899 2587 943 2652 qui
967 2601 1018 2640 uon
1042 2588 1087 2641 diu
1105 2599 1166 2659 post

150 2679 273 2735 redirent.
319 2678 388 2734 Audi
404 2679 488 2750 ipsum
511 2679 643 2736 Tibullum
662 2681 811 2747 11,o‚1u=
838 2681 936 2734 luravi
953 2684 1075 2752 quotiens
1092 2688 1166 2738 redi-

149 2787 242 2830 turum
266 2775 306 2828 ud
326 2775 420 2831 limina
442 2779 599 2852 nunquam!
637 2782 702 2832 Cum
726 2776 789 2831 bene
806 2777 913 2843 iuravi,
935 2797 985 2848 pes
1002 2789 1092 2834 tarsen
1109 2785 1165 2853 ipss

148 2878 227 2932 redit.
261 2878 316 2934 Sed
338 2880 469 2935 videamus
493 2883 626 2951 poeticum
649 2882 785 2936 consilium
807 2881 867 2935 loci.
902 2879 965 2933 Fuit
988 2880 1062 2933 exitu
1087 2897 1162 2950 opus,

147 2979 192 3045 qui
214 2980 292 3034 finem
315 2978 436 3034 idoneum
459 2982 604 3049 imponeret
627 2981 747 3047 elegiae3
775 2978 816 3033 bic
840 2995 899 3034 cum
923 2978 989 3032 elius
1014 2994 1104 3048 preces
1128 2979 1163 3033 ad

147 3078 276 3133 Venerem
294 3079 484 3147 exspectaverit
508 3087 537 3133 et
561 3087 621 3133 vota
645 3096 693 3148 pro
711 3095 849 3147 successu,
874 3085 903 3132 et
926 3078 1005 3131 talem
1021 3078 1099 3131 linem
1124 3077 1165 3131 si·

148 3175 279 3242 iectuum,
304 3184 381 3245 pecta
399 3185 491 3231 contra
508 3178 608 3232 irritem
626 3194 700 3248 spem
718 3151 838 3244 simulat,
858 3184 885 3233 et
903 3194 936 3231 es
954 3178 1030 3230 simili
1048 3176 1103 3231 sato
1121 3176 1164 3231 iu·

148 3288 208 3332 turc
225 3278 311 3331 rivalis
328 3276 448 3333 solatium
466 3281 542 3348 petit,
560 3286 587 3332 et
604 3282 666 3334 lictu
683 3297 744 3335 cum
762 3281 946 3348 tranquillitate
962 3277 1072 3333 discedit
1089 3279 1164 3346 quie·

147 3388 198 3434 tus.
236 3381 314 3436 Quod
338 3381 455 3448 prolecto
472 3396 524 3434 non
543 3388 585 3435 est
601 3388 699 3436 temere
715 3382 755 3434 sic
772 3380 806 3433 ab
824 3395 857 3433 eo
874 3379 1026 3433 institutum.
1062 3378 1165 3449 Nempe

146 3486 207 3549 post
232 3484 273 3533 tot
296 3477 416 3545 dolores,
442 3480 577 3547 querelas,
607 3481 724 3534 lacrimas
751 3485 859 3548 poetae,
889 3484 919 3531 ut
943 3483 1030 3532 tamen
1053 3479 1165 3546 aliquam

148 3596 257 3647 poenam
281 3583 336 3635 lust
362 3583 485 3650 perfidiae
510 3584 623 3637 formosa
650 3584 750 3647 amics,
779 3581 873 3634 saltem
896 3580 980 3649 carpit
1003 3597 1060 3636 eum
1085 3583 1165 3637 serbo

99 3746 104 3754 ι
147 3686 209 3730 ante
225 3662 383 3747 dmentem,
408 3681 482 3747 quasi
503 3682 578 3735 unice
597 3682 723 3749 pecuniae
742 3678 831 3733 dedita
848 3680 911 3733 nulli
929 3683 1034 3735 omniuo
1053 3682 1105 3736 lida
1121 3683 1165 3745 sit,

148 3782 175 3827 et
192 3773 240 3829 lrac
257 3778 368 3832 iucunda
391 3780 491 3833 ultione
509 3787 648 3835 contentus
673 3781 727 3834 abit
751 3795 836 3846 seque
856 3780 958 3847 animo,
982 3784 1102 3836 aculeum
1122 3798 1165 3834 re·

147 3873 265 3939 linquens
286 3878 330 3942 qui
355 3884 465 3946 pungat.
488 3880 576 3941 ,Haec
601 3880 703 3933 videtur
722 3893 783 3931 vera
801 3879 867 3931 ratio
886 3878 1022 3934 dictorum.
1058 3879 1166 3933 Alienus

145 3970 196 4025 lult
213 3973 271 4025 lslia
288 3978 374 4030 esitus
393 3979 427 4032 ab
446 3981 514 4046 eleg.
532 3982 578 4048 ll.,
602 3981 646 4034 ubi
665 3982 733 4033 nulla
753 3987 795 4033 est
819 3979 894 4048 culpa
914 3979 1030 4046 puellae3
1058 3977 1099 4032 bic
1115 3995 1165 4032 au-

145 4078 199 4124 tem
219 4073 295 4140 plaue
314 4076 399 4133 locum
419 4076 498 4133 babet
516 4081 618 4150 poetica
636 4080 741 4134 iustitia.
782 4078 842 4132 Non
862 4077 1013 4132 recordatus
1030 4078 1092 4131 talia
1109 4084 1167 4132 erat

144 4174 184 4226 vir
201 4173 356 4230 immortalis
375 4176 515 4246 Hsrnrus,
534 4181 579 4249 qui
597 4181 685 4234 nescio
703 4194 755 4248 quo
773 4178 833 4233 odio
853 4177 920 4232 huuc
938 4179 1036 4232 exitum
1054 4177 1166 4246 damnat
