3009 4725
468 426 654 501 TIBULLI
689 427 774 501 LlB.
794 428 820 501 1.
838 443 868 504 5.
1046 515 1052 523 ¹
1123 439 1170 512 19

192 621 234 694 Et
257 636 390 694 tanturn
414 631 572 689 venerata
593 614 724 703 virum,
758 613 851 689 hunc
876 615 995 691 sedula
1019 640 1132 713 curet,

241 749 329 823 Huic
356 761 458 847 paret
485 761 585 845 atque
611 740 728 843 epulas
753 743 828 845 ipsa
854 745 1009 823 ministra
1035 771 1139 849 gerat

152 898 187 952 35
196 882 286 952 llaec
298 876 384 951 milri
398 873 583 973 fingebam,
598 899 685 973 quae
698 900 792 947 nunc
804 874 985 979 Eurusque
997 880 1174 984 Notusque

117 1069 121 1074 .
242 1008 350 1078 lactat
375 1003 535 1076 odoratos
562 1018 638 1074 vota
660 1027 724 1100 per
742 1002 937 1079 Armenios.

197 1133 306 1234 Saepe
329 1158 394 1230 ego
421 1130 542 1204 tentavi
570 1156 670 1203 curas
694 1129 862 1231 depellere
888 1133 985 1208 vino:

248 1263 295 1336 At
320 1260 421 1335 dolor
439 1262 475 1335 iu
501 1260 661 1336 lacrimas
685 1278 831 1338 verterat
855 1292 956 1340 omne
981 1291 1121 1342 merum.

196 1394 304 1494 Saepe
330 1390 432 1466 eliam
454 1392 567 1466 tenui:
599 1389 662 1465 sed
684 1389 753 1465 iarn
780 1419 857 1467 coru
884 1393 1176 1493 gaudia'adirern,

155 1540 192 1600 to
247 1522 437 1597 Admonuit
463 1520 626 1595 dominae
652 1518 869 1624 deseruitque
894 1526 1019 1604 Venus.

195 1656 292 1728 Tunc
316 1681 372 1727 rne
397 1651 581 1728 discedens
606 1650 765 1725 devotum
789 1652 917 1729 femina
941 1653 1045 1745 dixit,

247 1782 301 1888 Et
315 1781 422 1883 pudet
443 1799 476 1858 et
498 1799 617 1856 narrat
642 1781 729 1855 scire
752 1781 903 1858 nefanda
923 1811 1007 1859 mea.

198 1911 277 1985 Non
306 1909 480 1985 fecithoc
505 1910 634 1999 verbis,
667 1909 755 1984 sarie
781 1913 973 2013 tenerisque
998 1912 1131 1990 lacertis

250 2041 402 2148 Devovet
428 2057 461 2114 et
479 2037 575 2114 {lavis
601 2056 719 2114 nostra
745 2039 858 2140 puella
884 2041 1001 2119 cornis.

156 2170 294 2248 asTalis
317 2169 363 2245 ad
389 2170 616 2243 Haemonium
642 2170 761 2244 Nereis
787 2167 889 2244 Pelea
913 2170 1088 2272 quondam

248 2305 351 2375 Vecta
376 2317 427 2374 est
450 2299 607 2374 fraenato
634 2297 769 2374 caerula
791 2298 884 2400 pisce
911 2300 1039 2377 Thetis.

200 2432 292 2504 llaec
307 2456 455 2505 nocuere
477 2428 574 2519 mihi,
594 2429 689 2530 quod
707 2428 805 2505 adest
819 2429 899 2506 lruic
918 2431 1011 2508 dives
1030 2450 1177 2509 amator:

251 2560 354 2633 Venit
376 2561 413 2632 in
438 2559 575 2633 exitium
602 2557 724 2633 callida
750 2557 827 2633 lena
853 2589 977 2635 meum.

202 2687 418 2786 Sanguineas
443 2687 520 2761 edat
544 2687 602 2762 illa
626 2687 733 2788 dapes
757 2706 857 2788 atque
883 2715 943 2761 ore
966 2708 1106 2764 cruento

156 2836 196 2890 50
255 2816 381 2890 Tristia
407 2844 482 2891 cunr
505 2816 614 2892 nrulto
640 2815 763 2918 pocula
789 2814 866 2890 felle
889 2813 1002 2890 bibat:

201 2948 299 3021 Hanc
324 2946 464 3022 volitent
490 2948 624 3021 animae
649 2948 777 3022 circum
801 2974 864 3020 sua
890 2947 960 3019 fata
984 2960 1163 3044 querentes

248 3077 410 3178 Semper,
447 3095 520 3150 ete
546 3076 643 3152 tertis
670 3078 751 3183 strix
778 3074 923 3149 violenta
950 3091 1066 3148 canat:

203 3205 281 3304 lpsa
306 3204 396 3279 saure
422 3205 617 3279 stimulante
651 3206 770 3280 furens
796 3204 989 3304 herbasque
1015 3199 1179 3303 sepulcris

252 3337 402 3434 Quaerat
429 3354 462 3411 et
488 3366 507 3411 a
530 3338 640 3413 saevis
663 3365 741 3412 ossa
766 3335 883 3411 relicta
902 3331 1013 3434 lupis,

157 3465 328 3543 soCurrat
351 3482 384 3541 et
408 3466 611 3565 inguinibus
636 3467 740 3541 nudis
762 3463 935 3565 ululetque
953 3488 1017 3562 per
1042 3458 1165 3548 urbes,

253 3596 338 3670 Post
362 3613 441 3696 agat
468 3624 486 3671 e
508 3595 615 3671 triviis
641 3624 761 3698 aspera
788 3594 888 3669 turha
915 3619 1049 3667 canum.

231 3827 318 3883 v.4r.
345 3829 531 3885 discedens
552 3831 711 3887 devotum
736 3832 835 3901 optimi.
873 3830 998 3883 &vorum
1023 3824 1182 3879 descendens

158 3933 187 3980 et
205 3928 363 3984 ascendens
381 3931 507 3983 &votum
525 3935 625 3986 alit·-
662 3935 750 3988 ΜΞ,
774 3941 807 3987 et
831 3939 958 3986 narrat.
994 3932 1039 3986 Pr·
1056 3937 1085 3978 et
1103 3929 1183 3994 vulgo

155 4030 256 4095 legitur
272 4030 342 4083 heu!
374 4030 408 4084 de
426 4032 576 4085 coniectura
593 4034 756 4087 scrutarer.
776 4060 809 4073 -
846 4048 927 4087 ntea.
963 4029 1100 4084 Assentior
1122 4029 1185 4080 virts

155 4127 257 4191 doctis,
283 4131 327 4195 qut
348 4145 434 4180 oseam
456 4128 619 4183 scribendum
638 4137 801 4183 censuerunt.

841 4227 892 4291 2*
