3009 4725
344 367 406 424 128
449 356 663 428 COLLATIO
691 361 801 426 LIBR.
822 364 878 427 IV.
915 365 1042 432 GARM.
1064 372 1153 438 Xlll.
1173 378 1263 443 XIV.

379 528 411 582 V.
430 531 475 583 ln.
492 530 526 582 'tt
545 531 602 584 tlt.
621 531 689 595 erio,
713 550 785 586 nuuc
804 544 837 585 tu
857 553 898 587 rna
916 563 949 575 -
969 536 1019 591 Ed.
1040 537 1101 594 Pin.
1124 543 1189 597 eris:
1213 547 1265 601 utic
1288 564 1330 603 me

430 604 476 655 20.
493 601 525 653 Τ.
544 602 604 655 ΔΜ.
617 601 735 674 garrulo
751 632 787 643 -
806 603 858 658 Ed
876 606 937 662 Pin.
956 610 1047 676 gerula

430 674 476 724 Β.
495 671 527 724 Τ.
548 673 605 728 Aid.
624 672 751 732 domino,
770 703 804 715 ·-
821 676 875 731 e'd.
890 678 954 736 Pin.
974 680 1085 735 domnine.

430 746 475 796 ἥ.
494 742 527 795 'l'-
546 745 604 797 Atd.
623 743 760 809 confidem
781 745 890 800 uinctus
909 778 945 789 -
964 751 1015 808 Eri.
1034 752 1096 808 Pin.
1115 752 1215 809 confidi
1233 756 1336 810 ittttcius

673 898 698 960 C
720 923 739 962 n
758 922 775 962 r
795 923 837 962 nt.
882 900 952 983 [13]
980 907 1029 965 14.

507 1030 765 1086 Tsstnts'rtcbtt
790 1032 824 1087 de
845 1033 948 1086 infamia
975 1035 1025 1087 iuno
1051 1038 1154 1105 puellae.

338 1153 367 1204 ln
390 1150 439 1206 lroc
458 1153 571 1205 carmine
589 1148 649 1204 nihii
668 1151 746 1204 rarioe
768 1151 886 1205 lectionis
908 1150 1049 1208 notandum
1071 1155 1121 1210 luit

337 1274 370 1327 T.
392 1274 449 1326 Aid.
475 1272 754 1326 EPITHAPHION
778 1274 944 1328 TIBVLLI.

485 1351 498 1393 t
540 1346 565 1395 Ε
579 1361 683 1426 quoque
704 1343 823 1415 Vergilio
836 1343 957 1396 comitem
973 1363 1027 1397 nou
1044 1364 1127 1416 aequa
1143 1350 1248 1402 Tibulle
1276 1363 1285 1372 ’

540 1417 617 1466 Mora
634 1432 756 1466 suuenem
774 1433 880 1485 campos
897 1412 972 1481 misti
995 1416 1034 1467 usi
1051 1418 1164 1489 clyster,

488 1486 516 1538 Ν
529 1503 545 1535 e
562 1484 654 1556 sorel,
679 1493 730 1537 uui
747 1485 830 1557 elegea
848 1486 939 1538 nabiles
957 1488 1005 1558 qui
1016 1489 1100 1557 sierel
1122 1508 1237 1560 amores,

521 1556 583 1609 Aut
601 1565 708 1608 cenaret
720 1554 795 1627 forle
817 1574 893 1628 tegre
914 1557 984 1610 bello
1002 1560 1078 1629 pede.

335 1650 385 1704 ed.
403 1649 465 1706 Pin.
489 1650 740 1705 llPl'l'liAPHloN
765 1652 916 1705 TIBVLLI
940 1652 1087 1706 potetate

527 1721 551 1775 E
577 1737 680 1790 queque
702 1724 807 1790 nirgilio
830 1723 925 1776 comiti
949 1725 983 1777 nb
1008 1722 1055 1846 κζ
1075 1724 1174 1780 tibullm

521 1793 594 1845 Mors
617 1794 711 1847 iuueni
735 1810 842 1863 campos
866 1795 934 1847 milit
957 1796 990 1848 ad
1014 1792 1126 1862 ireylios

484 1862 538 1917 Nc
562 1865 640 1918 foret·
658 1873 704 1919 aut
727 1868 805 1933 elego
830 1867 921 1919 molles
943 1867 989 1933 qui
1017 1868 1092 1920 fleret
1117 1867 1192 1921 adres

519 1939 572 1989 Aut
595 1943 701 1991 caneret
725 1937 793 1991 iortt
819 1938 892 2005 regia
916 1937 984 1991 belia
1009 1938 1076 2007 pede
1101 1938 1134 1993 at.

483 2035 614 2088 ,tnsslvs
637 2035 756 2088 'l'ibnilus
780 2037 889 2102 Regalis
912 2050 1002 2102 eques.
1045 2035 1154 2102 lnfignis

483 2107 538 2159 iuri
560 2108 667 2175 cuituq3
693 2107 809 2172 corporis
833 2105 1009 2157 obiemabilia.
1034 2106 1076 2157 ite
1099 2106 1164 2155 alios
1189 2118 1235 2155 cor

482 2179 551 2230 ninii.
587 2176 697 2228 Meii‘als‘r
723 2177 825 2239 origine
848 2175 947 2225 dilexit.
973 2174 1034 2233 cuin
1057 2176 1084 2227 et
1108 2174 1216 2225 coluber

481 2248 546 2299 stalis
570 2241 691 2312 eitenico
717 2245 787 2296 bello
810 2244 950 2302 militaribu
974 2243 1049 2293 donis
1073 2241 1170 2304 donato
1194 2243 1218 2296 ὅ.

480 2317 532 2369 Hic
555 2312 665 2384 multoik
692 2316 787 2367 indicio
812 2321 863 2366 tter
887 2312 1092 2380 elogrograpbos
1115 2314 1181 2383 prtci

478 2403 526 2454 pes
551 2386 566 2439 e
590 2383 655 2446 buo.
691 2386 815 2453 Epistola
834 2399 926 2456 gnuog
950 2386 993 2446 ein
1018 2385 1116 2437 iaterie
1138 2382 1179 2456 ἕξ
1203 2385 1304 2437 breues.

475 2459 538 2514 orno
562 2457 639 2509 utiles
663 2457 701 2511 lde
724 2457 790 2511 obiit
814 2455 955 2510 adolescis.
981 2462 1011 2508 nt
1033 2457 1108 2527 snpra
1131 2458 1232 2525 scripti.
1250 2459 1275 2524 ¹)

402 2579 550 2632 absolvitur
566 2578 780 2632 antecedentibus
800 2579 846 2632 iol.
857 2581 902 2632 42.
912 2578 938 2633 b.
957 2578 1087 2633 editionis.
1123 2580 1247 2646 Sequitur
1260 2578 1354 2633 deinde

330 2653 385 2705 sine
412 2652 578 2720 inscriptione
603 2666 620 2704 a
645 2650 690 2704 iol.
711 2654 825 2704 stt-47.
846 2650 872 2703 b.
918 2650 1006 2704 Ovidii
1031 2649 1150 2720 Epistola
1175 2649 1296 2721 Sapphus
1320 2652 1365 2703 od'

329 2723 476 2788 Phnoncm,
506 2738 583 2791 quam
609 2736 659 2774 non
686 2722 901 2776 transscribimus.
952 2721 983 2775 tn
1007 2721 1059 2776 line
1089 2724 1192 2778 accedit
1217 2721 1351 2786 distichon,

329 2795 399 2862 qnod
424 2796 502 2848 etiam
528 2792 597 2863 apud
621 2793 788 2847 Huscnrrrnu
814 2793 904 2846 vides:

461 2885 515 2938 llla
539 2885 610 2938 iures
633 2881 726 2953 pirnoni
750 2885 805 2955 qni
824 2883 921 2951 scripsit
942 2884 1001 2953 cpla'r
1025 2882 1121 2954 sappho

478 2957 609 3024 Explicit:
636 2970 670 3009 ea
694 2970 783 3022 gracco
805 2956 942 3009 transtulit.
964 2955 1076 3010 Ouidoua

331 3025 399 3080 Tum
422 3026 517 3081 desinit
543 3027 632 3080 editio.

384 3151 410 3217 ’)
429 3150 521 3215 Errat,
543 3150 677 3215 uirides,
695 3149 874 3215 Honestius,
898 3152 942 3217 qni
965 3150 1074 3206 Tomi.
1098 3169 1123 3219 p.
1132 3166 1215 3204 mr·
1233 3149 1353 3204 editionis

328 3236 392 3276 suae
408 3224 498 3277 scribit
513 3222 681 3292 Epigramma
696 3220 778 3274 ldsrsl
798 3227 825 3274 et
841 3221 927 3275 Vitam
944 3221 1044 3276 Tibulli
1060 3222 1153 3275 abesae
1169 3238 1186 3273 a
1202 3220 1352 3274 Pineiliane.

673 3344 1014 3379 ψ

399 3461 466 3514 Post
483 3460 547 3514 baec
565 3467 660 3526 restat,
684 3469 714 3515 nt
727 3462 761 3515 de
779 3464 917 3516 collatione
935 3459 1057 3514 editionis
1072 3459 1179 3513 minoris
1196 3473 1256 3513 ann·
1269 3460 1350 3516 1412.

327 3531 424 3598 aliquid
444 3532 552 3595 addam,
579 3548 654 3599 qnam
673 3549 721 3587 nos
742 3535 768 3585 in
786 3534 975 3602 supplemento
996 3545 1075 3598 snpra
1096 3531 1209 3582 indicato
1232 3527 1352 3585 exhibui·

328 3619 386 3655 rnns
404 3607 431 3654 et
449 3602 598 3654 Husclrtius
622 3604 648 3655 in
674 3605 787 3658 editione
811 3618 865 3655 sua.
902 3601 991 3654 Habet
1011 3599 1075 3653 baec
1099 3602 1216 3653 lacunam
1236 3617 1252 3653 a
1272 3617 1351 3657 carm.
1466 3644 1468 3657 .

328 3671 488 3735 vlt-xlii,
508 3676 551 3725 ll.
578 3674 634 3726 libr.
649 3675 712 3740 tv„
736 3690 795 3728 enm
814 3676 838 3727 in
858 3672 1001 3741 exemplari
1019 3673 1153 3738 Parisino,
1178 3672 1248 3726 unde
1265 3678 1351 3727 trans·

328 3743 426 3808 scripta
450 3749 506 3807 est,
534 3743 586 3798 duo
611 3746 671 3799 lolia
696 3745 791 3800 desint.
835 3746 922 3798 Etiam
946 3742 1102 3798 benennon
1127 3744 1245 3813 explebit
1265 3745 1305 3797 vir
1326 3744 1352 3797 in

328 3813 423 3866 talibus
440 3813 583 3869 indefessos
603 3817 748 3883 Bnrdiiins,
768 3820 840 3872 brevi
859 3818 891 3870 ad
911 3832 958 3869 nos
974 3818 1171 3870 transmissurus
1188 3815 1351 3870 collationem

328 3885 437 3939 istomm
456 3888 576 3942 ioiiomm
591 3889 703 3943 Londini
723 3891 826 3945 iactam.
864 3892 949 3945 Quom
969 3889 1013 3942 nbi
1031 3891 1223 3958 acceperimus,
1242 3885 1352 3939 addetur
1466 3910 1467 3937 r

328 3955 388 4011 buic
412 3959 519 4013 editioni
544 3965 649 4012 nostroe
675 3961 766 4015 lolium
791 3960 915 4015 exbibens
938 3975 1006 4018 enm
1052 3965 1139 4031 Atque
1159 3961 1197 4013 ita
1222 3958 1257 4012 ab
1282 3956 1351 4011 omni
1466 3980 1467 3983 ¹

327 4037 403 4099 parto
421 4031 539 4084 abaoluta
558 4032 608 4084 erit
631 4032 772 4087 editionum
794 4035 939 4103 principum
958 4031 1084 4101 cognitio.

705 4159 989 4181 ψ
