3009 4725
327 405 377 476 ee
630 401 816 474 nemu
852 381 937 475 nn
956 404 998 475 u.
1015 420 1053 502 ⁴·.

368 586 416 661 At
437 587 520 661 mihi
536 612 599 689 per
616 586 756 662 caedent
776 607 809 663 et
822 589 958 664 facinus
975 608 1055 665 sunt
1069 589 1161 665 dona
1180 594 1345 692 paranda,

416 719 467 793 Ne
492 719 621 792 iaceam
647 718 796 793 clausam
821 719 944 794 llebilis
965 739 1042 795 ante
1064 722 1221 796 domum:
1266 693 1270 700 .

364 847 435 920 Aut
459 847 591 948 rapiam
617 876 783 949 suspensa
806 850 912 923 sacris
937 850 1086 947 insignia
1111 849 1218 925 fanis:

417 977 487 1050 Sed
512 980 628 1051 Venus
656 994 733 1051 ante
756 977 839 1051 alios
869 995 919 1052 cst
942 978 1101 1053 violanda
1127 980 1221 1054 mihi.

323 1106 430 1181 251lla
455 1108 582 1181 malum
605 1106 740 1181 facinus
762 1108 882 1182 suadet
907 1108 1149 1212 dominamque
1174 1139 1332 1213 rapacem

417 1238 486 1312 Dat
510 1236 614 1311 mihi:
647 1237 830 1336 sacrilegas
856 1240 976 1312 sentiat
1003 1238 1060 1313 illa
1086 1269 1217 1313 manus.
1240 1283 1242 1285 ·

368 1366 402 1440 0
424 1383 556 1468 pereat,
585 1367 780 1468 quicunque
805 1366 887 1466 legit
911 1368 1104 1469 viridesque
1130 1369 1331 1469 smaragdos

415 1495 460 1568 Et
484 1495 615 1568 niveam
640 1496 748 1600 Tyrio
774 1496 904 1570 murice
923 1498 1025 1596 tingit
1047 1526 1152 1570 ovem.

365 1625 430 1700 Hic
458 1627 517 1700 dat
540 1627 697 1701 avaritiae
724 1656 844 1702 causas
870 1647 903 1702 et
928 1631 999 1702 Coa
1023 1628 1147 1731 puellis

323 1773 360 1827 30
417 1756 529 1831 Vestis
556 1774 589 1830 et
611 1785 629 1830 e
652 1757 760 1831 rubro
785 1755 900 1831 lucida
927 1756 1058 1832 coneha
1082 1757 1178 1830 mari.

366 1887 459 1959 Haec
484 1885 595 1960 secere
619 1885 745 1960 malas:
782 1885 863 1960 hine
890 1886 1009 1962 clavim
1035 1888 1139 1961 ianua
1164 1887 1270 1959 sensit

413 2014 458 2088 Et
482 2016 594 2116 eoepit
618 2033 731 2089 custos
756 2014 881 2089 liminis
905 2044 978 2089 esse
1001 2017 1105 2091 canis.

364 2142 452 2233 Sed,
476 2144 623 2245 pretium
650 2145 680 2216 si
707 2144 837 2241 grande
863 2143 967 2230 feras,
993 2141 1147 2215 custodia
1172 2141 1259 2213 victa
1282 2157 1342 2229 est,

413 2274 485 2347 Nec
507 2270 693 2373 prohibent
718 2270 844 2357 claves,
879 2286 912 2341 et
938 2270 1031 2343 cauis
1057 2268 1131 2370 ipse
1154 2285 1251 2348 tacet.
1312 2343 1315 2352 ,

322 2404 443 2476 35Heu
469 2401 664 2500 quicumque
691 2398 786 2471 dedit
812 2398 956 2472 lerneam
984 2397 1135 2473 caelestis
1162 2428 1299 2491 avarae,

415 2526 527 2628 Quale
553 2527 684 2634 bouum
704 2526 819 2602 multis
846 2527 956 2602 attulit
980 2528 1036 2602 ille
1063 2528 1178 2603 malis!

361 2659 451 2733 Hine
476 2657 575 2732 lletus
601 2657 761 2760 rixaeque
787 2676 926 2747 sonant,
959 2656 1043 2732 haec
1070 2658 1219 2761 denique
1240 2687 1341 2734 causa

412 2789 508 2863 Fecit
532 2805 571 2861 ut
596 2787 733 2862 infamis
760 2788 817 2861 hic
843 2787 928 2862 deus
955 2806 1042 2861 esset
1065 2787 1183 2863 Amor.

364 2916 411 2990 At
434 2917 515 3006 tibi,
546 2945 633 3017 quae
659 2915 770 3017 pretio
796 2916 900 2989 victos
927 2916 1077 2991 excludis
1104 2934 1272 3009 amantes,

323 3063 361 3124 4ο
419 3046 576 3147 Eripiunt
599 3064 713 3147 partas
739 3063 859 3119 ventus
885 3063 919 3119 et
941 3046 1032 3145 ignis
1057 3076 1158 3148 opes:

365 3176 462 3275 Quin
486 3194 546 3250 tua
570 3192 644 3249 tum
667 3175 805 3249 iuvenes
832 3192 984 3277 spectent
1008 3177 1168 3250 incendi'a
1193 3174 1290 3266 laeli,

416 3307 488 3383 Nec
514 3305 696 3408 quisquam
720 3304 876 3379 llammae
903 3304 1042 3380 sedulus
1069 3303 1175 3379 addat
1199 3332 1332 3407 aquam.

396 3619 429 3671 V.
440 3622 484 3673 30.
505 3621 593 3687 Vulgo
610 3637 629 3671 α
646 3622 745 3674 incerto
763 3627 878 3677 auctore.
915 3620 1012 3691 Optimi
1031 3634 1073 3686 ap.
1090 3618 1290 3673 Lucunnnuu
1312 3637 1345 3690 03

326 3715 394 3769 adde
413 3718 490 3770 etiam
513 3718 651 3772 Huscuuu
673 3721 876 3775 annotationem.

397 3860 431 3915 V.
442 3863 485 3913 ³6.
505 3860 559 3913 Pro
579 3862 688 3914 tectione
714 3860 838 3914 librorum
861 3858 986 3912 attulit
1008 3859 1089 3913 Imm
1109 3856 1216 3908 addidit
1237 3857 1277 3910 vel
1295 3854 1346 3907 ab·

312 3959 405 4015 ,didin
448 3960 516 4013 Tum
540 3958 597 4012 libri
623 3956 918 4027 temipse‚1²uccms
943 3958 1016 4012 ille.
1053 3956 1129 4010 Cous.
1150 3956 1183 4008 ad
1205 3956 1232 4019 1,
1250 3959 1282 4021 2,
1301 3961 1346 4009 60.

395 4099 484 4155 1140.
504 4097 645 4168 Diripiunt
663 4099 862 4154 Bnouxnmme
888 4118 922 4157 ex
943 4102 1016 4156 libris
1038 4099 1134 4155 nullius
1157 4099 1326 4153 auctoritatis.
