3009 4725
356 449 428 492 xciv
766 423 824 487 DE
846 420 966 490 POESI

356 595 509 680 imprimis
530 598 714 675 exornavit3
746 616 821 658 nam
843 597 927 660 inter
952 598 1067 679 pocula
1088 607 1246 663 canuntur
1269 601 1378 668 laudes

357 715 440 776 ruris
470 725 501 776 et
528 711 683 774 ruralium
711 709 862 793 deorum,
895 726 988 799 atque
1018 726 1053 775 ut
1079 726 1150 777 ante
1172 714 1321 778 sacrificio
1346 729 1377 780 et

356 829 519 909 precibus,
549 828 593 888 sic
614 847 699 888 nunc
719 823 952 906 praedicatione
973 827 1197 890 beneficiorum
1217 831 1376 892 uberrima

357 944 557 1007 honorantur
587 955 618 1004 et
645 940 859 1023 propitiantur
889 940 945 1004 dii.
1002 943 1150 1005 Alienum
1178 963 1255 1006 vero
1285 943 1376 1005 etiam

356 1059 408 1120 bic
429 1057 633 1139 nilri13ipsos
656 1069 778 1134 autem,
800 1078 881 1140 quos
901 1054 998 1121 modo
1018 1055 1162 1133 danari,
1184 1056 1263 1119 duos
1282 1068 1376 1134 actus,

355 1173 551 1256 longitudino
579 1172 808 1253 dissimiliores,
842 1186 937 1257 poeta
961 1176 1037 1238 scite
1063 1173 1170 1240 vivida
1197 1176 1378 1238 tractatione

357 1289 401 1352 sic
425 1289 607 1367 coniunxit,
640 1302 675 1352 ut
696 1311 760 1353 una
783 1291 890 1354 omnia
911 1293 1117 1372 perpetuitate
1139 1289 1306 1352 decurrant
1330 1291 1378 1348 sa-

357 1403 486 1483 cillims,
522 1417 554 1466 et
579 1416 683 1466 umen
712 1405 813 1466 clarae
839 1404 958 1486 ubique
988 1402 1155 1467 divisiones
1184 1423 1291 1464 rerum
1319 1404 1377 1463 ha-

357 1518 510 1597 beantur,
538 1520 703 1600 proprium
727 1517 815 1601 quod
840 1530 887 1580 est
908 1519 1106 1581 Tibullianae
1131 1517 1216 1580 artis.
1264 1517 1377 1579 Exitus

357 1632 503 1694 carminis
520 1635 645 1694 nuntiat
661 1632 762 1694 noctis
780 1627 960 1693 adventum.
995 1633 1082 1695 Haec
1100 1634 1261 1695 hactenus.
1294 1631 1385 1708 vide,

355 1748 420 1809 iam
448 1751 555 1831 paullo
582 1747 737 1812 diversam
764 1747 900 1810 formam
927 1748 1074 1809 carminis
1097 1748 1192 1825 11,5.
1235 1745 1379 1809 Celebrat

356 1862 502 1924 Tibullus
525 1860 797 1941 inaugurationem
824 1861 987 1923 Messalini
1015 1861 1051 1922 in
1077 1861 1241 1941 collegium
1267 1861 1378 1924 xvci-

356 1995 468 2038 rorum
489 1975 586 2040 modo
609 1974 737 2055 recepti.
788 1975 891 2059 Atque
913 1976 948 2037 in
970 1975 1102 2040 exordio
1122 1990 1252 2040 vocatur
1263 1977 1379 2055 Apollo

356 2090 536 2168 Palatinus,
564 2100 601 2151 ut
623 2102 753 2151 ornatus
773 2086 956 2170 triumphali
976 2091 1067 2151 lauro
1090 2088 1170 2151 adsit
1196 2088 1378 2150 solennibus

358 2200 422 2265 diei
442 2224 513 2265 eum
534 2201 653 2262 cithara
672 2199 943 2285 carminibusque,
966 2215 998 2263 et
1018 2200 1158 2262 admittat
1173 2200 1378 2263 Messalinum

358 2313 399 2379 ad
420 2312 627 2380 sacerdotium
647 2334 739 2379 auum
759 2330 790 2380 et
808 2319 984 2381 chartarum
1001 2333 1159 2378 sacrarum
1176 2314 1379 2379 intellectum.

359 2429 482 2507 Quodsi
510 2431 606 2512 elegia
633 2444 670 2495 ut
697 2433 883 2498 antecedens
908 2432 993 2513 ipsos
1016 2442 1101 2492 actus
1123 2430 1195 2493 festi
1221 2427 1379 2510 redderet,

358 2546 393 2611 in
421 2543 525 2609 medio
555 2546 690 2608 carmine
720 2550 782 2610 iam
808 2559 973 2610 caneretur
1000 2545 1199 2625 inauguratio
1227 2547 1313 2627 ipsa,
1346 2557 1380 2606 at

358 2679 424 2722 non
447 2662 524 2723 haec
544 2682 629 2725 nunc
649 2683 700 2727 res
728 2675 919 2746 eretusque
942 2662 1005 2725 lroc
1031 2673 1154 2743 poterat
1173 2661 1253 2725 vella
1275 2673 1380 2742 poeto,

361 2777 417 2859 qui
436 2776 626 2842 luculentius
646 2781 800 2844 honorem
820 2781 882 2842 hoe
901 2779 1037 2841 carmine
1057 2778 1194 2839 celebrat
1207 2776 1380 2839 Messalino

360 2894 522 2955 tributum.
563 2892 648 2970 Quid
675 2896 772 2974 igitur
796 2891 895 2956 fecit?
937 2896 988 2955 De
1012 2892 1251 2971 inauguratione
1278 2892 1379 2953 statim

358 3007 394 3066 in
427 3006 560 3070 exordio
601 3005 681 3069 dixit
720 3019 873 3089 quantum
915 3007 1006 3081 satis,
1045 3003 1121 3066 dum
1157 3018 1251 3070 vocat
1286 3007 1380 3069 simul

361 3137 455 3181 orans
485 3118 595 3196 detun,
631 3132 667 3181 ut
696 3119 780 3182 sinat
811 3132 937 3199 tangere
964 3118 1170 3185 Messalinum
1199 3122 1320 3183 chartas
1350 3133 1384 3182 et

334 3288 339 3305 ,
361 3231 472 3297 doceat
491 3235 664 3314 intelligere
685 3237 779 3297 effata
800 3208 949 3317 Sibyllae.
999 3235 1038 3297 ln
1059 3235 1164 3300 medio
1185 3249 1290 3297 autem
1311 3254 1380 3296 car·

360 3349 445 3410 mine
463 3370 549 3411 nunc
565 3350 720 3412 illustrare
736 3349 846 3413 debuit
860 3352 1082 3432 praestantiam
1096 3348 1176 3413 sacri
1189 3350 1381 3430 Apollinaris

362 3475 394 3525 et
420 3465 514 3525 huius
544 3462 726 3545 sacerdotii,
756 3465 853 3549 idque
878 3470 1031 3549 praestitit
1055 3467 1189 3549 egregia,
1219 3464 1381 3547 praeclara

361 3578 543 3641 inventione
573 3577 694 3643 duabus
722 3582 864 3662 partibus
892 3604 1000 3645 rerum
1026 3582 1132 3657 factis,
1161 3598 1233 3641 cum
1256 3589 1381 3658 tempus

362 3693 609 3773 inauguratIonis
630 3695 664 3755 in
685 3718 741 3760 ver
761 3696 927 3773 incideret,
950 3688 1213 3779 quemadmodum
1233 3711 1300 3754 non
1321 3689 1382 3753 du·

363 3807 441 3869 bito.
497 3805 620 3890 Nempe
649 3808 788 3889 primunr
816 3810 880 3871 fata
909 3806 1071 3888 magnifica
1099 3807 1187 3869 urbis
1216 3820 1383 3882 canuntur,

365 3940 446 4001 quae
478 3918 556 3983 duce
586 3922 731 4004 Apolline
761 3920 881 4001 Sibylla
912 3922 988 3983 olim
1017 3922 1225 3997 nuntiaverit,
1268 3918 1381 3981 deinde

364 4046 474 4097 oratur
495 4035 571 4097 deus
593 4048 629 4097 ut
649 4037 742 4098 etiam
759 4034 794 4094 in
814 4049 977 4116 posterum
998 4041 1154 4121 propitius
1176 4038 1215 4098 sit
1231 4047 1263 4097 et
1282 4033 1384 4096 lelicis

364 4148 440 4207 anni
459 4149 561 4210 Fausta
581 4149 630 4211 his
648 4148 746 4210 'sacris
766 4151 903 4231 auspicia
923 4151 1088 4231 praebeat,
1110 4147 1267 4210 referente
1283 4158 1384 4228 ‚posta
