3009 4725
488 279 599 344 nlnn.
622 278 677 341 111.
720 275 842 344 runo.
864 279 918 340 ιιι.
1144 287 1205 342 aas
1284 244 1289 250 ’

558 664 826 734 EXPLICATIO.

257 955 290 1008 V.
317 955 407 1004 1-26.
452 947 564 1000 Prima
591 961 671 1015 pers
702 945 877 998 carminis,
921 946 1088 1001 Queritur
1116 950 1205 1015 quod

187 1051 274 1104 nihil
308 1051 445 1118 prosint
479 1051 558 1098 notu
593 1042 688 1095 iacto
716 1041 785 1094 diis
811 1047 958 1110 turaque
986 1045 1108 1099 obluta
1138 1063 1202 1101 nou

185 1153 386 1205 divitiarum
406 1162 522 1210 ceusu,
541 1142 601 1196 sed
619 1147 656 1193 ut
673 1140 806 1192 Neueru
824 1141 974 1208 coniuge
992 1142 1060 1196 irui
1080 1146 1204 1210 lieeut3

185 1268 255 1303 nuru
281 1250 416 1303 divitiis
441 1263 476 1299 se
502 1260 567 1297 non
592 1241 716 1306 iuvari,
741 1256 869 1309 cupere
893 1256 972 1294 vero
995 1245 1137 1297 monime
1162 1247 1202 1297 il—

185 1351 248 1403 lum
275 1349 360 1402 diem
384 1345 519 1408 videre,
546 1343 602 1410 qui
630 1340 795 1392 Neaeram
820 1339 952 1394 reddet.

259 1448 401 1513 V.lsqq.
438 1447 568 1499 eoelum
594 1442 687 1494 votis
711 1440 882 1508 implesse.
919 1442 1043 1495 Vuenros
1068 1443 1201 1497 ethu·

189 1563 358 1600 osnorcurus
380 1552 532 1614 compununt
549 1545 633 1598 Vrno.
660 1544 725 1594 Aen.
743 1539 792 1604 lx,
813 1543 864 1593 24:
894 1542 1068 1613 oneravitque
1087 1544 1200 1595 uellem

187 1648 267 1702 noris.
305 1649 369 1701 Mor
389 1647 521 1699 Bluudu
539 1651 613 1697 turs
632 1649 692 1695 sunt
709 1642 901 1706 suaveolentia,
928 1641 1022 1710 quibus
1040 1642 1075 1695 dii
1093 1645 1200 1712 plecen-

186 1759 237 1805 tur.
274 1750 360 1802 Elium
380 1747 487 1801 hostium
505 1746 633 1797 blondum
648 1746 699 1797 diei
717 1749 829 1797 notatur.
866 1743 974 1797 Confert
992 1746 1114 1799 Vnnnrus
1131 1746 1201 1799 Pro-

186 1857 251 1918 pert.
269 1850 316 1914 IV,
334 1853 361 1913 6,
377 1853 404 1901 6.
425 1848 506 1898 Οιιιι.
524 1846 595 1898 Fert.
618 1845 651 1908 V,
670 1847 732 1897 306.
751 1844 861 1896 Hoetu.
880 1842 927 1909 lll,
943 1847 988 1909 23,
1009 1848 1050 1895 16.
1067 1873 1097 1883 -
1117 1862 1199 1898 runt·

186 1951 292 2003 morei
311 1947 484 2017 prodirem
503 1960 518 1997 e
545 1944 661 1995 limine
687 1941 780 1994 teeti.
818 1941 1028 2011 Circumscriptio
1047 1944 1148 2012 poetica
1166 1943 1199 1997 sd

184 2053 376 2123 amplitudinem
402 2049 521 2103 fortunae
546 2047 690 2098 luculenter
713 2044 914 2112 significandam.
958 2045 1098 2114 Compnrst
1123 2047 1200 2099 Vun-

184 2169 243 2206 rrus
261 2155 309 2206 Sil.
328 2152 386 2204 ltol·
402 2149 447 2216 Vl,
462 2150 523 2200 442.
542 2143 621 2197 verbu
639 2143 754 2195 lllurelue
772 2142 806 2194 ud
824 2143 956 2210 Regulum
975 2146 1108 2198 maritum:
1130 2149 1201 2201 Tuo,

183 2253 294 2322 respice,
319 2251 394 2304 redes
413 2251 492 2300 Haec
509 2255 564 2302 eut,
588 2243 660 2295 unde
684 2243 777 2315 ingens
795 2245 913 2297 numeris
931 2244 1108 2316 fulgentibus
1126 2256 1199 2298 ostro

187 2351 286 2405 Vidisti
303 2354 398 2403 Latios
416 2346 510 2401 consul
522 2344 664 2415 procedere
677 2343 781 2416 fasces.
819 2345 916 2399 Contra
935 2345 968 2400 de
988 2346 1109 2416 pauperis
1124 2344 1200 2399 domo

185 2453 294 2505 Horten.
313 2453 369 2505 Sat.
388 2449 423 2515 ll,
440 2455 466 2514 7,
485 2452 534 2500 12:
563 2445 633 2498 unde
658 2444 781 2497 mundior
804 2446 890 2496 exiret
915 2445 961 2496 oin·
986 2443 1128 2498 libertinus
1151 2446 1199 2497 lto-

185 2562 265 2605 nesre.
286 2578 319 2590 -
338 2552 431 2603 eluta
449 2550 564 2601 domus
580 2556 620 2600 est
638 2548 789 2614 magnifiee,
808 2551 838 2597 ut
855 2550 945 2613 putet,
964 2559 1022 2595 oum
1043 2545 1084 2598 lrie
1102 2545 1136 2596 de
1154 2562 1199 2598 so-

184 2656 216 2708 lis
232 2653 328 2706 divitiis
347 2657 448 2719 agutur.
491 2652 613 2704 Ceterum
639 2649 741 2702 confert
766 2647 897 2699 Herulus
925 2644 1009 2695 Cicer.
1036 2642 1088 2694 Off.
1109 2643 1129 2706 l,
1147 2648 1199 2694 ³9:

186 2757 232 2805 Cn.
252 2749 364 2803 Octauio
381 2747 474 2800 nonori
485 2748 578 2818 suisne
596 2747 746 2816 occepimus
756 2780 763 2804 ,
782 2743 854 2816 quod
867 2741 1038 2813 praeclarum
1056 2739 1116 2789 nelli
1128 2757 1198 2790 was-

186 2862 224 2903 set
243 2851 272 2902 r'n
290 2846 403 2901 Pololio
421 2857 448 2897 et
463 2846 571 2916 plenum
590 2845 735 2918 dignitatis
754 2844 867 2895 domum.
886 2868 922 2883 ·-
948 2840 981 2894 V.
1000 2844 1017 2891 ὅ
1038 2855 1077 2906 sq.
1103 2853 1200 2889 reno-

185 2954 322 3012 varent,
349 2949 506 3000 inverterent
530 2945 671 2998 eduorum
690 2942 824 2995 sationem.
862 2941 913 2993 llic
931 2940 1054 2991 Veneror
1072 2944 1098 2989 et
1120 2937 1199 2987 Hur-

184 3070 248 3106 rnos
272 3052 377 3105 landant
400 3052 483 3104 Orrn.
500 3050 602 3100 Amorr.
621 3047 642 3112 Ι,
661 3051 687 3112 3,
706 3050 738 3098 9:
767 3062 814 3095 nec
832 3060 905 3093 mene
923 3038 1068 3092 innumeris
1086 3056 1198 3090 renovo-

183 3165 231 3206 rur
248 3168 357 3222 campus
376 3149 488 3202 aratris.
533 3148 598 3200 lllox
625 3146 774 3212 benignu
800 3150 894 3196 terra
919 3146 947 3193 ut
970 3154 1048 3207 supr·
1067 3138 1088 3202 l,
1108 3142 1134 3203 3,
1152 3142 1198 3190 62.

184 3255 306 3309 Ceterum
332 3252 478 3321 composuit
501 3249 636 3301 domorum
662 3248 689 3299 iu
712 3246 776 3297 urbe
794 3240 1011 3309 magnificentium
1031 3243 1057 3291 et
1076 3253 1198 3304 agrorum

182 3356 316 3410 latifundia
342 3354 420 3406 etium
443 3351 563 3403 Tibullus
585 3346 619 3409 ll,
637 3349 663 3408 3,
681 3347 712 3395 tl
735 3358 792 3408 sqq.
810 3366 845 3380 -
874 3339 908 3392 V·
929 3342 947 3389 'l
965 3353 1003 3403 sq.
1032 3343 1068 3389 ut
1086 3344 1199 3388 tecum

180 3457 363 3519 sociarem,
391 3467 442 3504 unu
468 3460 603 3517 cuperem,
633 3442 752 3510 partirer.
783 3438 867 3490 Ovrn.
892 3436 957 3490 Met.
976 3436 1011 3504 X,
1030 3441 1098 3490 635:
1127 3453 1200 3487 unns

180 3571 248 3619 erus,
267 3573 326 3606 eum
344 3573 397 3625 quo
414 3550 518 3603 sociare
536 3541 637 3597 cubilia
650 3558 764 3611 possem.
801 3539 868 3591 Vide
885 3537 918 3591 ud
934 3537 956 3603 l,
974 3542 999 3602 6,
1016 3539 1052 3591 64
1065 3551 1152 3605 tupru.
1163 3560 1199 3571 -·-

179 3649 286 3715 loque
310 3657 367 3703 tuo
393 3651 537 3704 cuderet
555 3651 605 3699 ete.
624 3643 648 3696 h.
662 3658 685 3695 e.
706 3639 904 3706 occideremque
921 3653 1002 3690 senex
1022 3637 1047 3687 in
1066 3638 1124 3687 sinu
1145 3639 1199 3684 tuo.

181 3755 300 3800 nostra
317 3758 473 3816 senecta,
497 3768 566 3818 ego,
591 3743 780 3810 vid.rd1,u‚
800 3744 840 3794 ll.
872 3738 983 3789 Hourn.
1001 3733 1037 3797 ll,
1055 3737 1082 3796 6,
1100 3735 1126 3782 6.
1162 3728 1200 3779 Et

180 3843 287 3893 caueret
306 3853 347 3897 est
369 3862 409 3913 pr.
427 3849 575 3914 occideret,
601 3853 632 3900 ut
656 3844 720 3898 ulios
742 3859 823 3918 saepe
841 3835 967 3903 simplicio
986 3846 1025 3899 pr.
1044 3829 1199 3899 compositis

180 3946 288 4010 ponunt,
306 3942 340 3995 ei.
358 3943 391 3993 sd
411 3942 432 4007 l,
449 3947 476 4008 2,
494 3949 539 3997 80.
575 3946 675 3999 'lumen
693 3944 743 4004 troo
761 3953 822 4007 loco
840 3953 891 3995 vox
907 3931 983 3989 siunt
1001 3928 1200 3984 accommodata

179 4044 220 4092 est
244 4038 312 4092 bene
336 4040 479 4093 infirmitati
504 4042 601 4097 lebenti
622 4051 775 4120 senestuti,¹
822 4040 863 4103 Ad
886 4030 1036 4090 sententiam
1055 4030 1202 4084 thtlltssss·
