3009 4725
416 277 426 296 ι
467 228 577 292 LlBR.
598 229 653 292 1v.
697 227 827 294 CARM.
847 230 874 294 Ι.
1110 241 1171 296 387

154 426 213 464 cum
231 409 264 462 de
282 405 407 462 divisione
426 416 550 454 sonarum
568 401 692 468 exponit,
711 406 738 454 et
756 401 800 454 ubi
819 416 877 456 enm
895 403 984 469 Ulyssi
1002 404 1027 457 in
1046 405 1173 472 eloquen-

154 512 191 561 tia
209 507 338 576 praelert,
364 503 441 555 simul
459 499 535 552 huius
554 514 656 550 errores
679 514 769 550 omues
788 502 960 567 persequitun
995 503 1073 555 Dicas
1090 518 1170 555 soua-

154 624 210 660 ram
228 608 320 658 saltem
338 603 464 655 rationem
487 599 612 666 explicari
630 597 752 650 debuisse
770 604 801 649 ut
818 598 975 666 intelligeret
992 600 1089 666 lector,
1108 603 1170 670 quid

156 706 233 757 veliet
257 708 335 771 poeta
362 700 396 752 de
420 701 504 751 altero
529 696 593 748 orbe
618 695 715 747 diceus.
752 696 855 761 Audio,
879 698 957 750 modo
982 698 1076 751 deiude
1098 700 1172 752 iilum

154 805 261 855 alterum
281 802 371 852 orbem
396 801 480 865 ipsum
499 802 632 860 terrasque
651 799 677 844 et
696 794 823 862 populos,
847 811 912 861 quos
937 797 974 848 ibi
997 797 1171 850 debellaturus

154 908 224 953 esset
244 901 365 963 Messala,
383 898 481 951 diserta
499 895 674 960 descriptione
693 896 799 963 propius
818 895 852 946 ob
870 898 959 949 oculos
977 898 1050 950 nobis
1068 899 1170 967 posuis-

155 1007 211 1064 set,
229 999 277 1050 hoc
297 999 365 1049 enim
384 1000 520 1062 exspectat
539 994 622 1044 lector
641 992 666 1042 iu
684 1008 712 1043 re
733 999 786 1045 tarn
804 995 876 1045 mira.
913 994 966 1047 Sed
986 995 1019 1048 de
1037 994 1076 1048 iris
1094 1003 1172 1065 poeta

155 1099 211 1165 ipse
230 1096 292 1147 niirii
309 1101 433 1157 noverat3
460 1093 499 1144 sie
524 1089 635 1142 redeunt
659 1090 744 1141 omnia
763 1089 796 1141 ad
818 1089 950 1158 physicam
976 1109 1099 1148 zonarum
1124 1097 1172 1170 de-

155 1197 336 1264 scriptionem.
366 1209 414 1245 nec
439 1196 547 1259 apparet
567 1186 697 1255 quomodo
722 1195 896 1242 carentanus
922 1206 970 1244 nec
987 1194 1117 1260 quomodo
1134 1196 1171 1247 ibi

155 1313 198 1348 res
215 1303 335 1361 gesturus
353 1295 386 1346 sit
403 1292 525 1343 Messala.
561 1288 612 1340 Est
633 1288 713 1354 igitur
736 1288 812 1354 piane
837 1289 921 1342 inanis
947 1299 1068 1358 ornatus,
1095 1308 1172 1360 quern

155 1406 233 1463 poeta
253 1395 354 1458 intulit,
378 1392 568 1460 expeditionem
588 1390 670 1457 ipsam
694 1403 770 1441 acmo
797 1389 879 1442 credit
898 1400 1047 1462 propterea.
1083 1394 1113 1447 Iu
1132 1395 1173 1446 al·

156 1499 213 1544 tera
232 1491 389 1558 digressione
408 1490 441 1541 de
468 1490 564 1554 Ulyssa
582 1489 661 1541 etiem
686 1488 801 1555 apertior
818 1489 953 1542 inutilitas.
990 1492 1093 1560 Nempe
1112 1496 1173 1546 mali

156 1599 265 1660 poetae,
288 1588 482 1658 compositionis
500 1586 667 1639 accuratioris
687 1585 786 1652 ignari,
811 1586 905 1654 cupide
924 1589 1050 1657 arripiunt
1069 1592 1170 1658 siquid

156 1700 274 1744 ornatum
293 1697 320 1741 et
338 1688 500 1757 splendorem
519 1687 612 1738 afferre
631 1685 746 1749 videtur,
771 1700 831 1737 vera
849 1691 935 1739 autem
955 1688 998 1740 lex
1017 1690 1042 1741 in
1063 1704 1111 1742 usu
1130 1689 1171 1742 di-

156 1792 318 1858 gressiounm
343 1797 383 1843 est
407 1799 436 1842 ut
461 1796 554 1855 poeta,
583 1787 634 1840 etsi
652 1786 769 1838 rideatur
787 1786 888 1851 digredi
907 1788 1008 1855 lougius
1024 1806 1039 1841 a
1058 1788 1171 1842 themate

155 1892 229 1958 quasi
254 1890 347 1942 ardore
370 1889 465 1955 ingenii
491 1888 629 1954 abreptus,
659 1900 749 1937 resera
775 1889 861 1937 tamea
886 1900 919 1939 ne
944 1887 1048 1940 verbum
1067 1888 1170 1954 quidem

155 1991 225 2043 dicat
242 2005 475 2058 supervacaneum,
499 1995 526 2040 et
543 1987 613 2055 quod
632 2003 684 2040 noa
703 1986 849 2054 postuletur
866 2002 967 2040 summo
988 1989 1095 2040 consilio
1113 2004 1174 2064 car-y

154 2091 230 2143 minis
248 2097 274 2144 et
290 2089 350 2143 huic
368 2090 460 2158 prosit,
478 2059 692 2155 quemadmodum
707 2086 853 2138 Prunssus
871 2084 941 2139 lecit.
977 2086 1017 2139 ub
1036 2085 1084 2139 lroc
1104 2087 1174 2160 euim¹

154 2188 255 2242 discere
279 2191 340 2242 licet
362 2206 449 2243 aeram
477 2187 552 2242 huius
576 2188 613 2240 rei
635 2187 776 2250 rationem,
804 2191 831 2237 et
849 2188 871 2238 si
890 2187 934 2254 qui
958 2192 1019 2238 sunt
1043 2185 1171 2253 hodieque

155 2289 199 2352 qai
221 2301 279 2337 eum
297 2287 459 2338 Hsnssnuo
478 2288 551 2339 liuius
570 2288 670 2338 inbutas
689 2303 736 2353 pro
760 2286 966 2341 aberrationibus
984 2286 1094 2339 habeant
1112 2285 1178 2360 cum'

156 2382 257 2445 reliquo
275 2381 387 2430 carmine
406 2396 495 2446 parum
513 2382 606 2442 nexis,
632 2381 737 2431 videant
756 2397 789 2433 ue
805 2402 925 2452 magnam
944 2388 1060 2442 iniuriam
1078 2386 1174 2440 iaciant

156 2492 257 2531 summo
284 2481 377 2544 poetae
401 2481 428 2527 et
453 2489 511 2525 cum
536 2475 582 2524 tali
602 2476 779 2525 versificatore
797 2494 856 2531 eum
875 2491 1032 2547 comparent,
1073 2486 1127 2539 Sed
1147 2487 1172 2538 j„

155 2579 224 2631 viam
242 2576 362 2645 redimas.
407 2575 474 2627 Sunt
491 2573 559 2625 euim
577 2574 603 2623 iu
621 2571 671 2623 hoo
689 2572 804 2626 carmine
823 2581 957 2643 practerea
976 2556 1054 2632 etlam
1073 2584 1173 2635 minora

156 2677 227 2729 varia
244 2677 332 2744 inepte
350 2675 434 2743 posits
451 2679 478 2725 et
496 2674 523 2725 iu
540 2672 634 2739 quibus
653 2672 777 2725 iudicium
791 2672 931 2728 desideres.
967 2678 1013 2728 Sic
1031 2692 1055 2727 v.
1070 2680 1105 2729 to
1116 2696 1172 2746 sqq.

156 2774 201 2828 nbi
220 2774 321 2827 laudem
342 2773 469 2825 larensem
489 2778 515 2824 et
533 2773 669 2824 militarem
687 2771 824 2838 aequalem
843 2773 906 2824 dicit
925 2774 950 2826 ia
969 2774 1092 2840 Messala,
1111 2774 1173 2830 haec

156 2889 201 2926 res
224 2873 415 2939 comparatione
439 2872 552 2925 trutinae
575 2871 664 2939 inepta
688 2871 846 2937 iliustretur,
874 2872 907 2924 ad
933 2874 1005 2926 cuius
1029 2888 1174 2929 mensuram

157 2973 220 3025 talia
238 2988 314 3025 nemo
333 2972 479 3027 examinem
496 2973 578 3040 cupit.
623 2972 723 3024 Similis
748 2973 853 3038 generis
869 2979 930 3025 sunt
948 2973 1052 3041 putidae
1069 2973 1175 3025 divisio·
1269 2988 1284 3003 ·

157 3089 204 3127 nes
229 3081 256 3127 et
281 3075 459 3127 distinctiones
484 3090 508 3127 v.
527 3079 562 3127 25
581 3090 656 3140 sqq,
685 3091 707 3127 r.
725 3077 776 3125 201
798 3089 853 3141 sqq.
899 3076 1015 3142 Denique
1033 3090 1083 3126 uon
1103 3080 1174 3126 tenet

145 3180 214 3218 ¹eam
232 3167 384 3219 elocutionis
403 3168 520 3235 poeticae
539 3174 621 3217 artem
641 3174 733 3234 poeta,
751 3182 818 3232 quae
834 3168 956 3235 periodos
971 3167 1057 3219 variae
1072 3168 1174 3234 magni-

156 3267 253 3317 tudinis
273 3268 412 3333 componit,
435 3283 503 3319 uuuc
522 3266 662 3331 breuiores,
681 3283 747 3319 nunc
766 3266 907 3335 longiores,
924 3267 969 3320 sed
989 3266 1098 3333 singulis
1115 3282 1173 3319 rer-

153 3366 224 3418 sibus
243 3366 297 3418 lere
316 3381 363 3434 per
380 3371 462 3421 tolum
481 3340 583 3419 carmen
602 3368 746 3418 sententiae
768 3366 944 3421 terminantur.
989 3367 1086 3419 Verum
1109 3367 1171 3419 satir

155 3480 221 3523 nune
240 3466 273 3519 de
293 3465 340 3531 his,
358 3468 408 3518 alia
426 3467 451 3518 iu
468 3465 650 3534 Explicatione
670 3470 798 3516 notamus.
836 3464 942 3515 Studuit
959 3465 1062 3530 quidem
1081 3472 1172 3518 auctor

154 3564 271 3627 ornatui,
298 3563 344 3615 sed
364 3579 415 3615 uon
433 3570 568 3615 assecutus
590 3568 631 3613 est
649 3578 735 3618 veram
757 3564 847 3633 epieae
865 3565 988 3617 orationis
1006 3566 1174 3632 magnificen-

156 3660 227 3711 tiam.
264 3661 383 3715 Vidimus
402 3663 583 3715 tractationem
601 3663 727 3719 carnndnis.

225 3759 292 3811 Post
312 3758 377 3813 llsee
393 3762 415 3815 si
434 3764 467 3817 de
484 3771 591 3817 auctore
610 3770 763 3841 quaeritur,
784 3763 904 3840 potuisse
922 3761 990 3818 huuc
1011 3772 1117 3835 poetam
1135 3776 1182 3831 pro

155 3849 260 3903 Tibullo
278 3870 294 3905 a
312 3872 441 3923 quoquam
459 3860 547 3917 heberi
566 3866 677 3922 maxime
697 3887 797 3947 misum
816 3863 903 3919 rideri
921 3862 1007 3924 dellet-
1049 3863 1104 3918 um
1125 3861 1191 3913 enim

155 3948 216 4000 vitis
237 3949 315 4002 modo
333 3951 443 4009 indicata
467 3965 494 4010 et
518 3962 661 4025 uniuersum
689 3989 816 4065 motem
840 3966 968 4028 carminis
985 3968 1097 4034 attente
1118 3960 1198 4014 conri-

845 4069 918 4138 2⁵*
