3009 4725
467 426 653 500 TIBULLl
686 426 772 501 ΠΒ.
791 428 850 502 ΙΠ.
869 446 896 506 a.
1143 439 1192 511 63

207 618 325 692 Durus
353 631 387 688 et
411 613 469 687 ille
494 612 576 704 suit,
610 613 670 715 qui
694 629 825 687 tantum
850 612 940 688 serre
963 613 1134 710 dolorem,

173 746 178 756 ’
258 745 378 820 Vivere
406 761 439 816 et
464 761 579 844 erepta
606 741 751 840 coniuge
779 744 837 843 qui
865 746 985 844 potnit.

188 878 294 952 5N0n
315 902 378 973 ego
399 871 520 947 firmus
543 873 580 945 in
602 871 680 962 hoc,
700 901 772 945 non
792 872 875 947 haec
893 876 1054 975 patientia
1073 897 1192 954 nostro

262 1005 426 1102 Ingenio:
457 1002 585 1100 frangit
611 1002 711 1075 fortia
738 1003 844 1078 corda
871 1004 988 1080 dolor:

218 1134 289 1207 Nec
314 1131 400 1205 mihi
426 1159 503 1204 vera
528 1130 622 1231 loqui
649 1131 765 1232 pudor
788 1151 839 1206 est
863 1135 1016 1238 vitaeque
1042 1138 1140 1215 fateri

267 1265 334 1335 Tot
358 1261 445 1335 mala
475 1287 656 1361 perpessae
681 1259 794 1334 taedia
820 1282 899 1337 nata
924 1293 1027 1341 meae.

213 1393 305 1491 Ergo
333 1420 409 1465 cum
433 1408 570 1464 tenuem
595 1390 695 1464 suero
721 1409 869 1467 mutatus
893 1395 929 1468 in
955 1398 1112 1475 umbram

173 1538 209 1595 10
258 1519 489 1622 'Candidaque
516 1547 594 1594 ossa
620 1547 725 1620 super
748 1522 849 1620 nigra
875 1524 986 1601 favilla
1013 1546 1118 1628 teget,

212 1651 300 1723 Ante
324 1678 437 1723 meum
463 1650 578 1723 veniat
602 1647 724 1747 longos
750 1650 923 1754 incompta
949 1657 1090 1756 capillos

264 1779 309 1851 Et
331 1777 410 1851 fleat
435 1796 511 1852 ante
537 1806 651 1851 merim
677 1796 805 1853 maesta
829 1781 960 1855 Neaera
985 1812 1117 1884 rogum.

213 1906 283 1980 sed
305 1905 418 1980 veniat
442 1934 540 1979 carae
563 1906 681 1980 matris
705 1907 863 1982 comitata
886 1910 1023 1985 dolore:

265 2036 418 2109 Maereat
443 2034 527 2110 haec
552 2064 697 2135 genero,
730 2054 880 2110 maereat
901 2037 959 2111 illa
984 2039 1067 2113 viro.

174 2167 392 2241 15Praesatae
417 2184 495 2240 ante
522 2194 616 2240 meos
642 2168 764 2240 Manes
793 2168 1008 2270 animamque
1035 2189 1191 2271 precatae

262 2297 493 2398 Perfusaeque
520 2295 596 2398 pias
622 2312 699 2371 ante
726 2294 858 2399 liquore
884 2327 1024 2391 manus,

215 2429 300 2502 Pars
326 2457 412 2529 qnae
440 2427 514 2502 sola
539 2428 606 2501 mei
633 2429 809 2530 superabit
834 2431 1006 2532 corporis,
1039 2460 1117 2507 ossa

265 2558 433 2632 incinctae
458 2559 559 2657 nigra
585 2559 732 2634 candida
757 2577 847 2634 veste
874 2559 1003 2660 legent,

215 2686 260 2760 Et
285 2687 434 2788 primurn
461 2716 590 2763 annoso
616 2705 780 2789 spargent
806 2687 944 2762 collecta
966 2690 1097 2791 Lyaeo,

173 2833 211 2889 20
269 2818 351 2892 Mox
378 2818 478 2892 etiam
503 2820 601 2892 niveo
626 2819 771 2892 fundere
797 2816 882 2892 lacte
906 2833 1046 2917 parent,

213 2948 297 3022 Post
321 2946 405 3022 haec
431 2948 602 3022 carbaseis
630 2948 809 3022 humorem
834 2946 951 3021 tollere
978 2943 1085 3019 ventis

263 3075 375 3178 Atque
401 3076 438 3151 in
464 3104 657 3152 marmorea
683 3104 811 3179 ponere
836 3076 927 3152 sicca
952 3073 1065 3149 domo.

246 3436 331 3492 V.t.'s.
356 3439 428 3494 tna
452 3440 509 3497 tere
531 3449 626 3513 rogate
649 3441 691 3495 vel
715 3436 837 3510 rogatae.
879 3435 998 3489 Procrin
1020 3434 1195 3502 precatae,

173 3532 217 3586 vel
234 3545 398 3604 precatae
415 3540 620 3606 Enonscnresrs,
637 3537 706 3607 quod
719 3538 857 3591 Munnrna
875 3534 982 3601 recepit.
1017 3532 1098 3599 quue
1114 3530 1195 3596 vulgo

173 3633 318 3701 probatum.
354 3638 401 3691 Sic
422 3639 559 3707 participia
581 3647 721 3707 precantes
745 3642 773 3689 et
793 3641 920 3705 togorma
942 3631 1049 3685 confusa
1072 3630 1099 3683 tn
1122 3627 1195 3681 libris

173 3733 273 3785 notant
290 3735 442 3792 Bannatia.
455 3736 489 3789 ad
509 3736 612 3791 Anthot.
629 3736 688 3789 Lat„
699 3736 733 3790 V.
751 3753 777 3804 p.
788 3738 849 3787 1⁶0.
861 3761 895 3772 -
932 3732 964 3785 V.
976 3735 1019 3787 le.
1030 3734 1073 3784 19.
1093 3724 1194 3797 legant,

172 3841 321 3901 spargana,
350 3835 431 3902 vulgo
455 3850 471 3886 a
494 3836 617 3889 Munnro
642 3834 716 3898 inde,
744 3833 815 3901 qnod
839 3832 985 3885 verisimile.
1029 3824 1194 3882 Praecedunt

172 3928 329 3982 coniuncttvi
353 3937 382 3983 et
402 3939 553 3999 sequuntur.
571 3960 606 3972 -
648 3931 682 3987 V.
694 3934 738 3983 Ἡ.
763 3931 878 3984 ventis
902 3928 971 3982 tibet.
1011 3914 1093 3978 Iram
1115 3918 1195 3973 vittis

171 4025 214 4077 vet
231 4025 313 4094 velis,
337 4044 449 4095 qnorum
466 4028 517 4085 troc
535 4032 629 4099 placet.
665 4027 778 4084 Vossius
795 4028 879 4083 natum
896 4027 963 4081 bene
979 4019 1044 4076 liaris
1062 4019 1104 4075 vel
1122 4014 1197 4072 villis

171 4124 302 4177 emendat.
