3009 4725
584 437 769 505 TIBULLI.
1122 478 1186 521 xcv

162 629 257 682 totam
283 612 479 678 faustitatem
504 612 591 675 urbis
616 611 658 675 ad
678 615 834 696 Apollinis
860 617 1017 700 fauorem,
1047 635 1079 690 et
1100 651 1184 696 com.

159 735 314 815 plectente
338 730 384 792 sic
411 728 578 809 praeterita
600 739 632 788 et
656 726 767 789 lutura
795 727 847 792 dei
872 732 1024 800 beneficia
1049 744 1185 821 publica.

159 847 258 924 Igitur
278 844 370 925 prior
390 863 466 923 pars
486 841 629 923 politicas
651 852 683 903 et
702 843 829 906 bellicas
850 864 901 909 res
921 860 1050 933 tractat,
1078 857 1184 939 fugam

165 965 308 1037 Aeneae,
341 956 512 1022 adventum
539 959 575 1020 in
603 957 726 1042 Italiam
756 970 786 1021 st
814 961 993 1048 uictoriam,
1027 974 1184 1060 urbesque

168 1073 326 1151 conditas,
356 1072 489 1155 (leuique
514 1070 683 1152 imperium
706 1070 844 1153 Romae,
873 1079 970 1141 altera
997 1103 1074 1147 vero
1100 1089 1185 1169 pacis

168 1190 253 1249 bona
276 1199 308 1249 et
327 1187 462 1249 faustum
483 1208 605 1249 annum
625 1200 789 1270 precatur,
817 1194 900 1255 ruris
923 1200 1046 1278 copias,
1073 1201 1184 1267 fecun-

164 1298 292 1363 ditatem
316 1312 549 1378 mausuarum,
579 1298 692 1385 gaudia
714 1302 868 1368 festorum
889 1311 1060 1393 ruralium,
1088 1339 1185 1401 quam

159 1418 405 1498 pulcherrimam
443 1420 699 1482 coniunctionem
732 1424 947 1503 oppositarum
978 1448 1086 1493 rerum
1119 1433 1183 1497 iam

161 1553 257 1614 supra
271 1531 411 1596 laudavi.
453 1532 559 1616 Atque
574 1532 619 1594 ita
634 1535 779 1597 effecum
793 1535 882 1601 vides
898 1551 942 1617 ut,
963 1538 1039 1604 dum
1053 1547 1183 1613 omnino

162 1649 350 1730 praestantia
369 1648 452 1710 sacri
465 1648 660 1730 Apollinaris
679 1648 863 1730 illustretur,
883 1652 977 1716 simul
994 1655 1184 1724 hodiernum

164 1762 277 1824 festum
304 1782 440 1824 vernum
468 1762 573 1844 ipsum
601 1775 733 1825 ornetur
762 1765 1014 1834 luculentissime.
1071 1774 1184 1840 Exitus

167 1870 307 1956 deniqne
329 1895 388 1955 par
408 1886 475 1935 erat
492 1885 528 1938 ut
546 1893 607 1956 pro
629 1876 737 1938 futura
760 1879 860 1956 gloria
881 1894 913 1944 et
931 1882 1077 1949 felicitate
1098 1887 1185 1951 Mes·

164 1988 260 2050 salini
280 2000 355 2051 vota
375 1989 508 2069 faceret3
538 2011 607 2052 cum
636 2004 741 2056 autem
765 2013 851 2055 nunc
871 1994 912 2058 acl
937 2000 1133 2061 consulatum
1155 2003 1185 2063 ei

164 2099 268 2165 aditus
299 2114 440 2184 pateret,
479 2102 683 2188 triumphales
713 2107 852 2170 honores
883 2105 948 2171 iam
980 2108 1016 2171 iu
1053 2110 1184 2177 exordio

161 2217 327 2278 monstrati
353 2228 536 2280 tractantur.

225 2330 411 2394 Accedimus
426 2331 466 2395 acl
481 2338 588 2399 autea
602 2337 740 2398 carmina
749 2336 862 2401 Deliae
875 2351 906 2403 st
916 2336 1044 2404 Nemesi
1059 2343 1182 2427 scripta,

164 2446 278 2529 quibus
303 2451 453 2530 proprius
481 2449 701 2513 vehementior
728 2452 869 2517 affectus.
929 2453 1009 2517 Cum
1038 2458 1183 2523 Tibullus

164 2562 242 2625 haec
268 2565 418 2628 scriberet
446 2563 579 2631 adverso
609 2586 732 2646 amore,
763 2581 799 2630 ut
823 2584 1033 2635 commoveret
1052 2577 1183 2653 puellas,

161 2676 429 2761 quemadmodum
450 2699 549 2762 supra
574 2680 770 2757 notavimus,
798 2682 888 2744 facile
917 2697 1074 2765 exspectes
1102 2688 1183 2750 hanc

161 2790 233 2852 fere
255 2813 339 2853 nuuc
358 2793 496 2855 futurum
513 2794 668 2856 rationem
688 2794 879 2873 argumenti:
906 2796 1061 2879 Erumpet
1079 2800 1184 2862 statim

144 2907 196 2985 ,in
220 2905 380 2989 principio
406 2910 535 2971 affectus
563 2908 732 2989 primarius
757 2907 917 2986 carminis,
947 2907 1069 2991 eritque
1091 2930 1185 2972 exor-

158 3019 251 3083 dium
272 3024 402 3103 plenum
425 3018 554 3107 querela
576 3023 695 3090 doloris
716 3039 771 3089 aut
792 3024 957 3103 desiderii,
983 3036 1109 3105 poetam
1129 3046 1185 3086 ur·

157 3138 280 3218 gentis3
309 3151 378 3201 tum
402 3140 438 3201 in
462 3136 567 3202 medio
589 3141 727 3201 carmine
755 3136 827 3201 (iata
849 3158 945 3221 opera
972 3135 1008 3201 id
1035 3149 1119 3218 aget,
1141 3149 1185 3200 'ut

156 3253 268 3316 flectat
297 3253 438 3334 puellam
466 3252 663 3332 hortatione,
697 3252 918 3335 persuasione,
952 3253 1185 3332 lamentatione,

157 3367 223 3445 ira,
255 3366 365 3430 nunu:
396 3366 540 3431 ostendet
568 3387 734 3429 aemtmnas
763 3385 835 3428 suas
865 3378 895 3427 et
924 3366 1039 3429 amoris
1061 3367 1126 3429 vim
1148 3387 1184 3428 ac

156 3483 380 3562 constantiam,
399 3482 562 3565 promittet
578 3480 682 3544 officia
696 3503 755 3545 sua
771 3455 830 3542 aut⁵
843 3492 980 3563 exponet
995 3502 1077 3566 quae
1092 3502 1185 3562 prae·

155 3596 292 3676 stiterit,
321 3596 484 3662 clamitabit
502 3599 666 3663 avaritiam
687 3612 718 3661 et
739 3611 881 3660 auctores
902 3598 1065 3675 luxuriae,
1095 3617 1185 3659 exse·

156 3714 305 3776 trabitur
324 3716 431 3792 lenas,
462 3715 621 3776 nuntiabit
644 3711 795 3796 perfidiae
818 3732 938 3795 poenas
960 3714 1124 3787 coelestes,
1155 3723 1186 3773 et
1223 3786 1226 3795 ,

159 3846 240 3909 quae
263 3840 342 3889 suut
363 3829 440 3906 alia,
467 3850 509 3890 ex
529 3829 577 3891 his
599 3840 691 3891 utens
713 3846 841 3912 quoque
862 3840 1004 3908 tempore
1023 3826 1078 3900 iis,
1103 3842 1184 3905 quae

158 3940 346 4022 commoda3
372 3965 532 4031 nusquam
551 3964 628 4011 vcro
649 3945 784 4028 simplex
809 3964 916 4007 retum
938 3940 1017 4006 ordo
1038 3950 1100 4017 est,
1130 3936 1185 4001 sed

159 4076 218 4135 per
235 4055 320 4121 duos
338 4072 393 4121 aut
408 4074 473 4125 tres
492 4059 608 4142 padus
625 4063 825 4146 provolvitur
841 4062 980 4137 affectus,
1001 4074 1186 4140 progressus

162 4172 379 4256 aprincipio,
406 4178 526 4261 quippe
548 4178 609 4240 slis
630 4191 724 4263 atque
744 4178 806 4240 alia
826 4186 965 4253 tentans,
994 4173 1070 4237 olias
1091 4182 1185 4255 atque
