3009 4725
433 269 544 332 LiBR.
565 268 622 332 IV.
665 265 794 328 CARM.
815 265 904 328 Xlll.
1110 268 1171 328 461

158 447 202 494 tar
222 456 295 509 esse,
312 442 405 510 quibus
423 441 492 493 tarto
511 445 615 510 ereptus
633 445 675 493 est
691 445 771 492 torus.
789 464 826 480 -
852 437 926 492 Hoc
944 438 1104 506 loedere,
1128 437 1177 496 hae

160 540 230 608 lege.
259 541 327 607 Hoc,
344 542 390 606 ait,
410 540 489 591 iurari
503 539 559 605 tibi,
577 538 758 607 cumprimum
773 537 867 589 lectum
882 542 954 590 tuum
967 537 1176 604 conscenderem.

156 642 305 709 iungere
331 643 499 695 Venerem
524 641 633 692 vidimus
657 657 735 710 snpra
761 641 782 706 1,
802 644 828 705 9,
842 645 886 693 76.
905 665 942 679 -
967 642 999 694 V.
1016 648 1034 696 3
1051 659 1092 709 sq.
1128 642 1177 695 Tu

159 738 242 792 mihi
260 739 335 791 sols
353 739 487 807 places,
505 738 615 791 iormuis
632 740 744 803 usitata,
763 743 792 790 ut
810 745 917 805 notant,
935 741 1016 794 veluti
1033 740 1177 796 Pncennn.

158 840 192 905 ll,
209 845 236 905 i,
256 842 305 891 192
342 840 383 889 Tu
411 838 478 888 asilii
503 838 561 891 sola
586 838 693 909 places,
719 837 844 908 placeam
871 835 922 889 iiii
949 839 1067 910 Cynthia
1094 839 1179 892 solus.

159 943 242 993 0vru.
267 943 322 993 Art.
346 939 405 992 Am.
428 939 449 1005 Ι,
467 942 520 992 ta:
550 938 630 1010 Elige
655 937 700 990 cui
726 937 815 994 dices,
844 945 876 987 tu
902 936 968 988 nsilsi
993 936 1053 990 sola
1076 936 1178 1006 places.

160 1039 212 1091 iiic
230 1055 246 1090 a
263 1039 334 1090 tibris
352 1039 474 1091 maiorem
492 1039 673 1093 auctoritatem
692 1035 771 1089 babet
791 1036 884 1088 lectio:
909 1045 941 1086 iu
960 1036 1050 1094 modo,
1075 1037 1120 1101 qui
1138 1043 1180 1088 ts·

161 1152 219 1190 rnen
239 1142 326 1205 potest
343 1150 415 1188 error
433 1150 491 1187 esse
508 1143 584 1188 nstus
602 1151 636 1188 ex
654 1135 808 1203 compendio
826 1137 869 1200 ᾖ,
896 1140 1001 1187 notante
1020 1133 1135 1187 Hermo
1153 1139 1181 1186 et

33 1241 35 1268 i
94 1269 99 1277 ·
162 1235 324 1300 Husen1103
342 1239 371 1286 nt
388 1233 456 1286 eninr
475 1233 589 1300 potuerit
607 1239 639 1280 tu
657 1230 733 1282 inodo
750 1231 810 1284 sola
827 1233 957 1286 cumulate
975 1232 1026 1284 dici
1047 1248 1086 1300 pr.
1104 1231 1181 1284 unice

162 1331 214 1399 (du
232 1349 286 1382 nur
302 1328 399 1393 ollein)
426 1341 580 1392 quamquam
600 1329 747 1394 exemplum
772 1342 823 1379 uon
845 1327 943 1394 liabeo,
970 1332 1019 1383 nisi
1044 1330 1115 1398 quod
1137 1347 1183 1382 so·

162 1429 295 1483 lummocio
317 1428 427 1492 dieitur,
453 1433 480 1477 at
498 1424 547 1478 hoc
565 1425 668 1492 quidem
687 1427 745 1477 ioco
768 1440 848 1491 aegre
866 1429 1010 1480 carebimus
1029 1431 1180 1498 pronomine

162 1529 235 1582 asilii.
250 1556 285 1567 -
314 1527 476 1579 Formosa
494 1522 608 1576 oculis
627 1523 717 1575 meis·
752 1522 882 1591 Imprimis
900 1524 1030 1591 frequens,
1047 1529 1182 1582 aithsc-

164 1642 351 1692 unnmcmus,
377 1622 528 1694 pulchrum,
555 1621 669 1687 bellum,
695 1621 836 1677 formosum
856 1640 914 1678 esse
937 1627 1021 1680 alicui.
1058 1629 1182 1682 Vesanus

164 1728 265 1782 confert
282 1729 426 1781 Pnoasan.
442 1723 488 1787 lv,
506 1724 532 1786 4,
550 1722 595 1771 32.
613 1745 648 1758 -
677 1720 708 1773 V.
727 1724 745 1772 5
763 1735 820 1787 sqq.
857 1723 983 1776 utinam
1013 1726 1130 1792 possis
1147 1753 1184 1766 -

166 1827 355 1897 displiceas
379 1823 478 1887 aliis,
506 1818 532 1874 it.
552 1835 577 1874 e.
601 1816 736 1887 displiceas
761 1833 824 1871 vero
849 1820 913 1873 aliis.
950 1822 1039 1878 Quare
1056 1838 1114 1876 cum
1132 1838 1185 1876 uns

167 1925 231 1980 haec
247 1925 406 1979 constructio
421 1909 474 1988 sit,
491 1919 631 1990 probamus
641 1918 744 1988 possis,
762 1918 825 1971 licet
842 1920 960 1974 codicum
976 1922 1053 1974 lectio
1071 1923 1105 1975 sit
1122 1941 1187 1992 pos-

164 2046 216 2083 ses.
252 2025 383 2080 Defendar
401 2024 504 2091 quidem
529 2021 579 2075 hoe
600 2022 655 2088 sie,
683 2021 706 2074 si
732 2027 869 2090 reparetur
886 2038 902 2073 a
918 2024 1085 2090 sequentibus
1103 2022 1213 2082 herrm,

166 2128 242 2181 metri
266 2125 441 2190 constructio,
470 2130 525 2178 turn
550 2124 633 2192 repeti
652 2124 705 2176 alio
723 2122 802 2177 modo
820 2128 949 2176 statuatur
966 2125 1094 2177 sententia
1112 2129 1187 2178 aute-

167 2226 262 2278 cedens
277 2207 379 2278 verbis:
408 2221 550 2292 displiceas
568 2220 647 2280 aliis,
672 2226 700 2273 et
718 2219 778 2274 huic
796 2224 855 2275 colo
873 2225 1062 2290 coniungantur
1081 2224 1188 2277 ultima:

167 2325 218 2376 sic
237 2338 301 2387 ego
319 2328 415 2373 tntns
433 2337 499 2374 ero.
535 2320 586 2372 Est
602 2327 689 2374 tamen
704 2323 792 2389 paullo
808 2324 973 2377 artificiosicr
987 2322 1051 2377 naec
1066 2325 1142 2389 ratio,
1159 2327 1190 2380 ut

168 2420 226 2487 ipse
244 2417 332 2484 vides,
349 2434 397 2470 nec
415 2433 519 2470 causam
536 2418 654 2470 idoneam
673 2421 729 2470 eius
746 2422 860 2487 iudices,
878 2440 958 2489 qnare
975 2425 1056 2479 redeo
1074 2423 1107 2478 ad
1121 2426 1190 2478 alte-

168 2533 226 2570 rum
252 2516 410 2584 simplicitati
435 2514 761 2573 Tibulli-convenientius.
778 2542 815 2554 -
842 2519 958 2583 gioria
983 2523 1093 2588 vulgi,
1122 2523 1191 2578 lama

168 2617 237 2670 inter
255 2615 363 2683 vulgus,
387 2614 457 2681 qnod
482 2620 656 2683 praestantem
681 2612 870 2681 pulchritudine
888 2617 1000 2684 pneiiam
1018 2634 1110 2671 amem.
1152 2623 1189 2675 At

170 2717 351 2781 Casuentus,
376 2716 469 2767 Dones
487 2721 577 2784 pater,
601 2716 723 2768 Sua-mus
748 2715 782 2767 de
806 2715 926 2768 iaetantia
944 2716 1088 2782 vulgarium
1107 2716 1191 2771 homi-

170 2835 232 2872 num
258 2817 403 2885 explicant,
432 2817 476 2884 qui
500 2831 568 2884 quse
597 2814 703 2886 pulchra
728 2813 839 2881 liabent,
868 2817 1015 2871 ostendunt.
1058 2818 1104 2870 Sic
1134 2820 1192 2871 sine

170 2937 249 2974 cansa
266 2920 346 2973 etism
363 2916 481 2971 immines
499 2916 541 2971 inc
560 2918 643 2988 carpit
660 2918 735 2970 aliter
752 2919 911 2985 sentientess
937 2921 1002 2972 satis
1019 2934 1082 2971 vero
1100 2925 1141 2971 est
1158 2920 1192 2973 de

171 3020 271 3086 gloriae
288 3024 421 3070 contemtu
439 3017 499 3073 dici.
516 3044 553 3056 -
580 3020 612 3071 in
632 3019 741 3071 tscito
763 3016 915 3085 gundest
932 3019 994 3071 iiis
1010 3018 1103 3083 sinu,
1121 3017 1193 3071 irus-

172 3124 214 3172 tnr
241 3119 320 3173 tacite
346 3124 374 3172 et
397 3133 455 3171 cum
479 3119 574 3172 nuliius
599 3118 693 3172 invidis
721 3119 790 3172 bono
816 3134 872 3173 suo.
919 3117 1061 3186 Comparat
1084 3117 1195 3170 similem

172 3217 327 3270 sententiam
348 3216 562 3269 Baoucrnusrns
588 3218 681 3270 Senec
706 3215 791 3286 Epist.
813 3221 882 3271 iotis
908 3216 954 3269 Sic
979 3233 1041 3268 vero
1063 3214 1194 3269 invidiam

171 3316 304 3390 effugies,
329 3316 355 3369 si
371 3326 399 3368 te
416 3335 470 3369 non
486 3317 630 3387 ingesseris
647 3314 749 3374 oculis,
772 3316 798 3369 εἰ
816 3313 885 3369 bona
903 3325 955 3369 tue
971 3334 1024 3369 nen
1041 3316 1195 3377 iactaverit,

170 3417 196 3471 si
212 3417 306 3472 scieris
322 3415 352 3469 in
368 3415 431 3469 sinu
447 3414 576 3488 gaudere.
589 3410 624 3455 -’-
642 3416 721 3482 iiie,
740 3415 775 3471 ci.
792 3414 825 3469 ad
843 3418 877 3484 11,
895 3422 922 3484 ³,
940 3421 985 3472 ae.
1021 3419 1115 3473 Paullo
1134 3435 1197 3473 ner-

171 3517 260 3570 vosior
283 3515 323 3570 sie
345 3516 376 3569 fit
397 3513 517 3568 hcmtio.
539 3541 571 3553 -
598 3514 670 3583 Sic,
696 3513 743 3567 aut
766 3530 843 3569 nemo
867 3522 894 3570 te
918 3516 981 3571 mihi
1005 3518 1111 3571 invidet.
1154 3517 1197 3571 Ad

172 3616 321 3668 restitutum
339 3628 403 3668 vero
419 3612 585 3667 indicativum
602 3627 744 3683 possum
762 3630 884 3684 compare
900 3616 1022 3684 superius
1039 3617 1131 3669 coion:
1158 3616 1198 3669 sie

174 3728 224 3785 ego
250 3720 331 3763 tutus
353 3728 408 3769 ero.
451 3712 592 3768 Substituit
615 3715 689 3782 hune
715 3731 765 3787 pro
791 3713 958 3769 conditionali
985 3714 1064 3768 modo
1091 3713 1200 3769 viridior

176 3807 312 3876 immi!
329 3815 430 3878 ime.
447 3838 483 3851 -
514 3810 555 3865 sd
580 3830 605 3871 r:
630 3834 679 3892 ῃ,
700 3819 744 3873 12
773 3811 863 3869 confer
890 3825 951 3865 cum
975 3811 1203 3865 Wunuunmcmo

179 3904 301 3975 Properi·
319 3906 342 3973 1,
359 3910 402 3973 11,
420 3911 470 3963 uss
490 3913 531 3963 Tu
548 3918 618 3986 milti
638 3931 704 4011 507⁰
723 3919 825 3976 domuc,
844 3923 877 3965 tu
897 3909 1017 3985 Cynthia
1033 3909 1091 3963 solu
1107 3926 1207 3981 puren-

153 4013 155 4017 .
177 4011 236 4061 res,
262 4003 358 4056 Omnia
381 4013 412 4098 trs
430 4015 536 4063 amirae
558 4026 694 4136 “mpori
724 4015 866 4084 laetitias.
891 4013 938 4073 uiti
953 4008 1017 4071 ride
1031 4010 1211 4066 Kurnonnrmr
