3009 4725
529 457 716 529 TlBULLI.
1077 491 1148 535 ccxi

124 656 221 716 genua
249 635 465 708 schematum,
498 652 563 715 quo
591 633 673 694 sorte
698 634 788 697 ietiue
818 634 1034 719 descriptionis
1067 642 1147 703 ratio

125 751 267 814 bttxerat.
307 748 465 829 Exempla
492 746 675 829 ceteroquin
700 748 794 829 pluro
814 747 979 815 echematie
999 752 1032 814 in
1054 752 1148 818 Com·

126 863 279 926 mentatio
306 859 380 924 ride
412 860 506 923 eiam
535 879 576 921 ex
605 857 734 938 ovidio,
770 862 828 944 qui
852 884 945 945 ecepe
974 869 1149 949 usurpavit.

128 978 232 1058 Atque
252 977 330 1037 baec
350 970 480 1056 quidem
500 971 541 1034 de
561 972 628 1050 hie3
660 994 767 1057 neque
788 976 872 1037 enim
894 974 966 1042 dete
986 997 1081 1061 opere
1097 992 1148 1043 te·

128 1104 197 1154 tum
226 1092 333 1152 locum
359 1086 398 1150 de
418 1089 558 1152 renuetis
587 1088 752 1152 schematie
775 1091 996 1173 repetitionum
1015 1106 1149 1157 tractare

25 1222 33 1236 ·
129 1205 225 1280 volo,
248 1203 307 1286 qui
327 1202 505 1281 Tibullum,
537 1222 603 1264 non
624 1203 703 1264 alioe
723 1216 829 1286 poetae
850 1206 901 1270 hic
923 1208 1086 1291 explicem.
1106 1239 1151 1257 --

131 1319 263 1382 Praeter
282 1316 374 1378 allata
393 1317 547 1397 petbetioe
577 1315 733 1379 ecbemute
762 1338 834 1380 curu
856 1321 947 1381 etiem
969 1321 1029 1383 alia
1054 1325 1152 1386 multe

130 1433 215 1515 apud
231 1433 399 1515 scriptores
418 1433 610 1510 habeantur,
634 1432 686 1494 hic
707 1431 835 1517 quidem
855 1436 992 1516 primum
1012 1447 1152 1519 praeter·

130 1550 177 1611 ire
197 1567 264 1610 non
288 1545 389 1610 debeo
411 1536 684 1632 συναθροισμὸν,
709 1549 777 1610 eive
798 1554 951 1626 culpatam
972 1572 1069 1613 rerem
1088 1573 1152 1615 na·-

131 1683 245 1737 oeetnn,
276 1682 375 1746 aeque
404 1673 509 1743 aptam
537 1660 572 1723 in
592 1660 819 1739 'obiurgatione
848 1671 879 1724 et
904 1665 1034 1747 qreerela
1060 1677 1153 1750 atque

131 1776 167 1838 in
187 1776 272 1838 laeto
292 1783 507 1854 argumetum·
523 1774 557 1837 in
578 1795 642 1857 (pra
661 1775 781 1836 exinue
802 1775 850 1837 rie
869 1789 928 1838 eet.
980 1775 1083 1841 liniue
1101 1799 1155 1861 ge·

134 1886 512 1968 netieepndffibulium
531 1895 578 1951 eat
602 1889 784 1970 praeclarue
807 1890 895 1952 loona
913 1890 946 1963 l,
968 1898 999 1969 7,
1019 1894 1060 1956 te
1084 1909 1153 1977 eqq.

135 1999 177 2063 ne
200 1996 305 2065 unt:
972 1976 977 1984 ’

222 2114 297 2178 Non
321 2114 380 2178 tibi
399 2126 475 2177 tunt
491 2116 592 2176 trietee
613 2135 707 2177 curce
731 2135 790 2178 nec
808 2114 928 2189 luctue,
957 2111 1057 2194 Osiri,

222 2271 225 2284 ·
263 2226 328 2294 Sed
349 2229 465 2292 ebor-ue
485 2240 517 2291 et
539 2240 650 2291 cuntue
671 2243 702 2291 et
721 2229 800 2294 lerie
821 2242 912 2312 optut
933 2249 1038 2310 emor,

221 2342 283 2408 Sed
303 2343 385 2410 varii
404 2341 499 2405 floree
520 2353 551 2406 et
573 2342 661 2406 irone
680 2341 825 2408 redimite
844 2345 1017 2430 corymbis,

267 2458 352 2521 Fusa
372 2454 428 2520 eed
448 2455 490 2518 ad
512 2468 638 2519 teneros
657 2458 743 2519 lutea
762 2458 850 2540 pella
866 2456 980 2542 petlee,

228 2572 266 2634 Et
288 2573 402 2656 Tyriae
423 2585 524 2634 vestes
546 2584 578 2634 et
598 2570 698 2634 dulcie
718 2572 796 2635 tibia
816 2586 926 2652 contu,

272 2684 312 2745 Et
329 2685 407 2748 levie
429 2684 557 2748 oecultie
578 2686 703 2748 conscia
724 2685 800 2745 ciete
820 2685 924 2746 eucrie.

143 2795 178 2856 in
202 2816 266 2879 quo
288 2799 383 2860 eentie
407 2811 557 2881 qnantum
578 2799 618 2862 eit
638 2797 806 2860 alacritatis
827 2807 861 2857 et
879 2793 1011 2875 vigorie,
1035 2814 1163 2855 succur-

142 2923 233 2975 rente
253 2912 392 2974 enaviter
411 2913 504 2975 etiam
524 2913 712 2993 repetitione
728 2908 919 2992 anaphorica
941 2906 1165 2989 pnrticttlarum

142 3029 196 3088 sed
215 3040 308 3111 etque
327 3040 367 3091 et.-
387 3058 430 3075 -
472 3025 555 3089 Vide
575 3047 674 3108 porro
696 3023 775 3087 illud
797 3025 897 3086 alacre
919 3022 1060 3098 ochema,
1080 3017 1168 3102 quod

144 3146 288 3203 omission
318 3144 478 3225 particulae
504 3147 531 3202 si
558 3142 677 3219 oritur,
710 3151 852 3202 notatum
874 3133 913 3197 ad
934 3136 966 3213 l,
989 3139 1028 3211 6,
1051 3136 1103 3195 53.
1123 3160 1167 3178 -

145 3255 310 3316 Postremo
332 3256 491 3330 memoro,
519 3274 560 3314 ne
592 3253 669 3335 quid
690 3252 815 3333 gravius
839 3249 993 3324 omnum,
1020 3250 1169 3309 bombum

144 3367 268 3429 ubuum
297 3369 336 3429 ab
362 3372 488 3429 orntm
514 3368 629 3451 oblique
656 3369 699 3428 ed
726 3368 882 3442 «lindam,
914 3353 984 3429 riuti
1007 3356 1070 3426 τοῦ
1097 3358 1171 3442 διη-

146 3476 343 3563 yppotamo
376 3482 426 3555 εἰς
459 3476 499 3544 τὸ
533 3470 721 3564 μιμητικὸν
750 3476 867 3561 γένος,
906 3473 946 3537 de
977 3493 1044 3557 quo
1077 3472 1171 3553 plura

148 3589 222 3653 eide
247 3589 288 3652 ed
312 3593 344 3666 1,
365 3594 402 3669 5,
424 3597 479 3656 21.
528 3591 618 3654 Nihil
644 3587 846 3653 iniucundiue
874 3590 915 3651 eit
940 3600 970 3651 et
992 3584 1171 3667 languidius

150 3702 185 3762 in
212 3705 302 3784 poeti
332 3708 533 3782 curatione,
568 3724 659 3788 queo
680 3705 828 3787 obliquae
858 3700 1008 3766 orationis
1037 3700 1172 3763 formem

152 3815 283 3897 babeat3
314 3836 416 3902 qum
441 3822 529 3882 ultro
550 3839 585 3881 ee
612 3819 727 3880 counit
752 3820 830 3881 bace
847 3815 989 3878 mutatio
1015 3825 1078 3874 tem
1101 3831 1174 3873 ner·

152 3949 229 3993 vota
258 3944 288 3995 et
318 3932 446 4010 vivide,
490 3933 584 3994 etiam
617 3954 634 3992 a
666 3953 761 4014 proea
792 3931 934 3994 oratione
966 3942 1030 3988 non
1065 3924 1175 3985 ellone.

151 4044 297 4109 'libellue
320 4049 457 4128 pulchra
480 4047 625 4129 exemplu
638 4044 752 4111 'babet
804 4044 844 4108 Et
872 4062 958 4106 nune
987 4038 1177 4105 ebaolrimne

152 4158 213 4222 boc
235 4173 330 4242 ceput
351 4181 473 4225 rerum.

872 4266 885 4325 l
