3009 4725
319 373 381 433 324
556 367 837 437 cumulamus.
860 373 905 438 lN
927 373 1101 440 TIBULLI

317 544 438 598 ostendit.
483 544 597 599 Ferreus
614 553 671 610 est,
693 547 792 613 inquit,
811 547 855 614 qui
876 547 973 616 primus
991 548 1103 615 puellam
1122 546 1208 598 iuveni
1230 541 1336 615 eripuit}

316 644 398 697 durus
416 646 511 709 etiam,
538 647 584 711 qui
609 652 709 699 tantum
729 647 847 702 dolorem
874 648 943 702 lerra
969 649 1054 716 potuit
1080 653 1105 699 et
1130 647 1218 698 rivere
1240 655 1333 716 erepta

317 748 436 812 coniuge.
475 747 535 814 Ego
561 765 612 800 non
638 751 755 803 sustineo
781 749 846 815 hoc,
872 765 921 803 nec
946 749 1031 817 pudor
1048 756 1089 800 est
1114 746 1189 799 lateri
1216 747 1332 801 taedium

314 847 390 899 vitae.
429 845 482 897 lam
503 853 582 914 post
601 845 669 899 huuc
687 848 874 900 introitum
894 845 1003 914 exponit
1019 845 1166 910 singulatim
1183 859 1229 911 per
1242 852 1330 910 parles

313 947 397 1012 iusta,
415 964 485 1015 quae
503 948 617 1017 persolvi
637 950 686 1001 sibi
705 950 769 1001 velit
786 954 891 1001 mortuo
904 948 938 999 ab
955 950 1040 998 amata
1061 951 1088 996 el
1106 951 1190 996 matre
1208 945 1278 1008 eiua,
1299 952 1327 997 et

314 1046 339 1098 iu
366 1045 439 1098 line
464 1047 542 1098 etiam
561 1047 665 1098 titulum
684 1045 779 1110 imponi
806 1042 884 1109 lapidi
902 1040 976 1093 iubet
994 1057 1098 1094 causam
1119 1043 1218 1094 tristem
1237 1044 1327 1095 mortis

311 1143 476 1198 indicantem.
515 1145 594 1198 Vides
612 1149 802 1209 argumentum.
839 1140 889 1193 Eat
913 1143 994 1208 igitur
1018 1141 1215 1195 fundamentum
1233 1145 1328 1196 carmi-

309 1246 350 1297 nis
367 1245 501 1297 consilium
520 1242 655 1294 moriendi.
699 1241 870 1293 Discessurus
888 1247 978 1294 autem
996 1258 1012 1294 e
1030 1243 1081 1294 rita
1102 1241 1207 1295 mandat
1225 1244 1328 1311 puellae

308 1346 452 1396 etiamnunc
469 1356 546 1393 carae
564 1340 653 1392 ultima
671 1346 732 1392 vota
751 1355 808 1404 sua,
829 1346 860 1392 ut
879 1339 953 1391 cuius
972 1342 1096 1407 coniugio
1115 1342 1189 1393 vivus
1207 1340 1258 1394 l'rui
1275 1357 1326 1394 non

309 1446 408 1514 potuit,
435 1459 467 1495 es
485 1447 589 1493 mortuo
615 1442 707 1492 saitem
734 1440 834 1491 luctum
854 1440 1013 1505 ultimosque
1032 1437 1143 1492 honores
1162 1457 1194 1493 ne
1214 1447 1324 1494 recuset.

309 1543 368 1597 Hoc
387 1558 433 1612 per
451 1557 480 1594 sa
498 1556 574 1594 nemo
593 1539 782 1609 reprehendat:
809 1546 867 1592 erat
891 1555 942 1591 uon
968 1539 1100 1591 minimum
1126 1542 1247 1595 solatium
1265 1559 1326 1595 mo·

312 1646 398 1698 rituris
417 1651 489 1696 certa
514 1644 663 1696 ultimorum
685 1641 814 1695 honorum
838 1639 1018 1708 exspectatio,
1044 1646 1071 1693 et
1095 1640 1200 1694 luerunt
1223 1645 1275 1695 cari
1299 1644 1325 1696 hi

306 1745 370 1797 ritus
395 1743 515 1795 sensibus
538 1749 675 1806 veterum,
700 1759 716 1795 a
737 1741 889 1811 propinquis
907 1740 1099 1793 clamantibus
1118 1743 1251 1810 praestiti;
1278 1744 1324 1795 sed

307 1844 458 1910 Lygdamus
477 1842 563 1895 omnia
583 1858 706 1895 enarrans
731 1846 760 1894 et
786 1839 846 1893 nihil
875 1840 1035 1908 praeteriens
1053 1841 1158 1894 modum
1177 1842 1281 1896 excedit
1296 1844 1322 1895 iu

306 1943 496 2011 descriptione,
516 1948 545 1995 ut
563 1943 671 1996 ridebis.
714 1943 800 1995 Porro
818 1942 851 1994 de
869 1941 943 1994 exitu
963 1940 1116 2005 dicendam,
1136 1943 1180 2008 qui
1199 1943 1276 1995 etiam
1294 1943 1322 1995 in

305 2043 354 2096 hoc
375 2045 489 2095 carmine
516 2042 656 2094 indirectas
675 2046 732 2105 est,
760 2046 790 2092 ut
808 2040 834 2091 iu
853 2038 1036 2092 antecedente.
1079 2038 1146 2092 Nam
1166 2055 1224 2092 cum
1242 2041 1321 2091 moris

306 2149 376 2197 esset
400 2141 469 2210 apud
492 2150 612 2205 veteres,
641 2149 669 2193 ut
694 2144 785 2194 mortis
804 2155 882 2195 causa
908 2140 987 2208 lapidi
1006 2141 1191 2194 inscriberetur
1208 2141 1240 2193 ad
1259 2142 1317 2208 glo·

304 2241 367 2294 riam
396 2246 442 2293 aut
471 2242 680 2304 miserationem,
707 2238 859 2304 Lygdamus
878 2245 1020 2306 postremo
1049 2240 1127 2291 etiam
1153 2238 1186 2291 de
1213 2238 1262 2291 hac
1288 2255 1318 2290 re

305 2340 440 2408 praecipit.
478 2339 541 2392 Vult
560 2338 642 2405 igitur
659 2336 761 2388 titulum
781 2336 841 2403 poni
858 2335 883 2388 in
903 2335 989 2389 fronte
1010 2337 1156 2406 frequenti,
1174 2338 1217 2391 uhi
1234 2337 1318 2391 homi·

304 2453 365 2490 num
389 2441 439 2491 iter
465 2444 492 2490 et
516 2439 654 2501 transitus,
682 2433 774 2487 credas
804 2440 832 2485 ut
859 2435 903 2500 qui
930 2436 1002 2487 rivus
1028 2440 1153 2489 maximas
1182 2452 1318 2488 aerumnas

302 2539 397 2590 amoris
415 2554 508 2607 passus
525 2538 574 2604 sit,
593 2542 783 2608 postmortem
802 2537 894 2588 saltem
914 2537 1005 2589 beatus
1024 2539 1140 2605 quiescat
1159 2537 1272 2589 lacrimis
1290 2541 1318 2587 et

303 2639 369 2691 rotis
389 2640 539 2693 viventium.
583 2643 669 2705 Atque
695 2637 736 2690 hic
762 2639 819 2691 linis
845 2645 885 2691 est
912 2644 940 2689 ut
969 2638 1148 2690 mandatorum
1175 2637 1212 2688 ita
1236 2637 1318 2689 totius

301 2738 428 2789 carminis.
479 2737 529 2789 Est
562 2738 643 2804 igitur
675 2735 816 2790 indirectas
845 2739 931 2788 exitus
959 2745 1049 2789 contra
1077 2736 1177 2789 Tibulli
1204 2750 1317 2790 morem.

301 2837 473 2891 Nihilominus
493 2839 569 2904 plane
587 2844 663 2904 aptus
681 2837 733 2889 dici
752 2838 876 2903 deberet,
906 2837 929 2889 si
948 2835 1011 2889 nihil
1035 2836 1148 2902 inesset,
1179 2837 1227 2888 aisl
1245 2831 1316 2909 quod

301 2939 378 2993 modo
402 2937 563 3005 significari3
590 2942 617 2988 at
643 2936 747 2989 docebit
773 2943 800 2988 te
823 2935 888 2988 inira
915 2934 1063 3003 Explicatio
1087 2950 1209 3004 peccasse
1234 2933 1314 2985 etiam

300 3035 341 3091 hic
360 3045 463 3105 poetam
484 3040 512 3088 et
536 3035 671 3103 posuisse,
697 3033 768 3102 quod
787 3050 838 3087 uon
863 3034 946 3103 possit
969 3049 1021 3086 uon
1045 3049 1204 3103 magnopere
1222 3032 1313 3102 displi-

300 3154 369 3191 cere.
414 3139 532 3204 Denique
558 3142 587 3188 ut
612 3134 645 3188 de
671 3142 727 3187 toto
754 3136 854 3200 dicam,
880 3150 1036 3203 quamquam
1064 3142 1104 3187 est
1128 3136 1161 3188 ad
1189 3137 1314 3188 unitatem

301 3237 473 3301 compositum
491 3250 611 3300 carmen,
641 3251 730 3304 parum
750 3246 836 3288 tannen
856 3242 943 3287 moret
961 3236 1101 3302 lectorem,
1131 3238 1190 3304 quia
1211 3237 1317 3289 omnino

300 3331 419 3398 frigidius
438 3346 486 3388 est.
525 3338 628 3407 Nempe
646 3355 773 3391 suurmum
793 3340 882 3389 uitium
901 3339 1064 3390 tractationis
1082 3338 1133 3391 dici
1152 3336 1230 3391 debet
1247 3336 1314 3391 haud

299 3432 377 3485 dabie
397 3435 472 3486 nimia
492 3444 519 3488 et
537 3441 611 3504 quasi
630 3441 698 3492 lenta
717 3441 889 3507 tranquillitas
907 3445 1003 3506 poetae
1022 3440 1048 3490 in
1067 3440 1113 3491 tali
1133 3450 1177 3503 re,
1195 3438 1238 3503 qui
1258 3438 1314 3504 pla-

206 3562 212 3572 ·
298 3546 360 3583 cens
385 3533 435 3583 sibi
461 3535 486 3583 in
512 3533 656 3589 bonoribus
680 3538 867 3606 sepulcralibus
892 3546 1014 3591 accurate
1039 3535 1201 3606 exponendis
1225 3542 1313 3587 osten·

298 3634 404 3687 tationis
422 3633 510 3701 polius
527 3633 637 3699 trigidae
656 3641 828 3706 suspicionem
847 3646 950 3706 moret,
967 3654 1045 3707 quam
1064 3641 1188 3692 insaniam
1208 3652 1313 3705 aegram

297 3740 410 3792 ostendit
441 3737 560 3808 profundi
585 3737 698 3805 doloris,
735 3745 825 3808 requie
850 3743 962 3810 sepulcri
987 3748 1014 3794 et
1039 3740 1151 3793 lacrimis
1174 3740 1315 3791 virentium

296 3838 375 3904 digni.
423 3838 478 3890 Sed
504 3834 655 3893 trahebatur
681 3841 811 3909 Lygdami
838 3844 926 3909 poesis
951 3841 1034 3907 magis
1061 3841 1095 3891 ad
1122 3846 1246 3892 externas
1271 3850 1314 3890 res

296 3937 495 4002 describendas,
521 3954 605 4005 neque
624 3918 744 3992 idoneum
767 3948 825 3995 erat
850 3944 984 4007 ingenium
1010 3941 1066 3991 eius
1091 3940 1212 3991 sensibus
1232 3937 1315 3993 aditui

294 4039 456 4100 gravioribus
480 4038 565 4089 viride
588 4039 775 4108 depingendis:
804 4040 895 4092 aberat
914 4039 946 4091 ab
969 4038 1017 4091 hoc
1037 4036 1142 4090 bomine
1157 4032 1315 4109 profundior

294 4141 320 4185 et
347 4134 522 4189 uehementior
547 4139 628 4201 omnis
654 4140 781 4217 allectus,
808 4153 861 4204 quo
886 4140 942 4193 salo
967 4146 1052 4193 tamen
1081 4141 1166 4192 etiam
1186 4132 1235 4187 hoc
1253 4150 1314 4186 rno-
