3009 4725
462 410 654 486 TIBULLI
689 412 774 488 LIB.
796 414 821 487 1.
843 431 871 490 2.
888 429 916 489 3.
1175 424 1200 496 9

178 603 300 679 &Non
323 626 409 700 ego,
431 598 463 674 si
487 599 617 692 merui,
641 598 796 676 dubitem
821 604 1047 703 procumbere
1067 603 1203 710 templis

273 732 319 806 Et
343 730 428 804 clare
453 731 596 805 sacratis
621 727 737 805 oscula
761 729 957 824 liminibus,

223 862 302 936 Non
327 887 391 960 ego
416 859 573 934 tellurem
599 859 744 959 genibus
768 888 950 963 perrepere
972 862 1117 967 supplex

278 991 325 1065 Et
346 990 509 1065 miserum
529 1007 649 1065 sancto
675 990 820 1064 tundere
845 1011 942 1094 poste
970 1012 1081 1097 caput

226 1123 275 1194 At
293 1137 350 1210 tn,
384 1120 444 1221 qni
468 1118 576 1194 laetus
601 1118 694 1194 rides
719 1119 810 1195 mala
835 1139 973 1218 nostra,
1003 1142 1118 1199 caveto

187 1264 224 1320 90
279 1247 363 1321 Mox
383 1246 462 1322 tibi:
500 1275 574 1322 non
597 1275 689 1321 unus
714 1248 839 1324 saeviet
862 1278 972 1353 usqne
996 1252 1090 1327 deus.

228 1375 310 1453 Vidi
336 1404 416 1477 ego,
453 1377 515 1480 qui
540 1377 702 1452 iuvenum
726 1378 869 1453 miseros
894 1378 1030 1455 lusisset
1054 1410 1204 1475 amores,

277 1507 362 1581 Post
385 1508 531 1582 Veneris
554 1505 675 1582 vinclis
700 1507 849 1582 subdere
863 1485 961 1584 'colla
986 1538 1120 1604 senem,

229 1635 274 1709 Et
296 1635 364 1711 sibi
386 1635 574 1711 blanditias
600 1634 744 1712 tremula
769 1663 974 1740 componere
997 1669 1079 1717 voce

280 1763 326 1838 Et
348 1765 508 1840 manibus
531 1794 635 1842 canas
657 1764 787 1865 fingere
812 1767 896 1842 velle
921 1797 1057 1844 comas:

190 1913 228 1972 9⁵
236 1892 334 1969 Stare
358 1921 423 1969 nec
449 1912 526 1969 ante
550 1896 641 1971 fores
667 1895 794 1997 puduit
817 1925 955 1974 caraeve
979 1898 1139 2000 puellae.

281 2022 454 2098 Ancillam
473 2025 586 2101 medio
610 2026 797 2100 detinuisse
821 2026 908 2101 soro.

232 2155 334 2231 Hunc
359 2181 465 2257 puer,
487 2155 580 2231 hunc
605 2156 738 2230 iuvenis
765 2155 867 2231 turba
893 2154 1099 2231 circumterit
1124 2173 1209 2251 arta,

279 2285 428 2390 Despuit
448 2286 486 2360 in
511 2284 631 2360 molles
658 2302 691 2359 et
711 2285 779 2360 sibi
806 2286 950 2390 quisque
976 2285 1081 2359 sinus.

233 2418 279 2492 At
296 2418 382 2492 mibi
408 2444 530 2520 parce,
558 2421 692 2492 Venus:
731 2444 865 2519 semper
889 2417 953 2492 tibi
973 2417 1088 2493 dedita
1108 2417 1210 2492 servit

194 2570 249 2631 too
286 2548 388 2622 Mens
411 2574 504 2623 mea:
542 2545 628 2655 quid
652 2574 780 2623 messes
806 2548 879 2625 uris
900 2547 1022 2625 acerba
1047 2549 1147 2626 tuas?

520 3022 782 3127 ELEGIA
832 3024 889 3088 111.

231 3188 342 3322 Ibitis
363 3242 517 3344 Aegaeas
543 3244 617 3320 sine
642 3275 715 3338 me,
747 3244 914 3336 Messala,
949 3269 1012 3344 per
1035 3239 1171 3336 undas,

288 3375 321 3448 0
344 3375 473 3450 utinam
499 3403 667 3451 memores
693 3378 768 3479 ipse
795 3376 986 3477 cohorsque
1007 3370 1094 3447 mei:

236 3504 294 3581 Me
319 3521 411 3578 tenet
432 3504 562 3603 ignotis
588 3534 729 3606 aegrum
755 3505 923 3581 Phaeacia
948 3503 1064 3579 terris:

283 3633 468 3710 Abstineas
489 3634 624 3727 avidas,
655 3638 753 3711 Mors
779 3664 903 3739 precor
923 3652 1013 3725 atra,
1043 3658 1175 3707 manus.

265 3924 355 3979 VM·
372 3925 424 3981 Est
438 3925 543 3995 quidem
560 3942 623 3980 non
641 3941 726 3981 unns
744 3924 786 3981 nte
803 3926 926 3979 librorum
943 3923 1036 3987 lectio,
1054 3918 1101 3973 red
1118 3916 1217 3987 optime

192 4022 359 4077 mustum
387 4024 492 4079 vldcmr
520 4042 574 4077 non
601 4023 666 4083 ursi,
703 4025 775 4093 qnod
802 4025 934 4089 Vossius,
968 4020 1217 4084 Wmnnioanus,

193 4118 342 4189 Barnun,
366 4123 506 4189 Barnun,
533 4125 703 4178 &aarum
724 4123 891 4192 seripserunt.
