3009 4725
506 358 663 472 unni
706 404 829 471 unse.
851 407 876 468 1.
1167 421 1205 492 p

176 598 261 652 Erant
284 594 353 649 euim
378 588 448 644 lund
473 587 553 643 dubie
577 591 664 658 plures
688 589 714 641 in
741 588 848 658 praedio
870 589 926 644 aire
952 596 1044 645 natura
1068 595 1124 649 sire
1148 603 1204 650 arte

177 694 280 750 deducti
304 690 495 755 arboribusque
519 688 664 741 umbriferis
689 689 776 742 eiecti.
807 689 917 744 Bonan.
942 690 1028 761 Epist.
1053 694 1075 760 1,
1104 700 1146 753 10,
1170 704 1203 752 d:

176 797 235 866 Bgn
252 790 336 843 laudo
360 787 434 841 ruris
453 786 558 838 amoeni
581 784 654 837 rivos
675 793 703 835 et
728 803 819 838 musco
837 787 990 840 circumlita
1007 807 1079 844 saxa
1097 811 1205 848 nemus*

174 909 233 963 que.
269 892 311 944 De
328 889 446 956 genitivo
462 901 587 952 eqnee,
614 886 637 937 si
661 886 725 937 tanti
743 892 800 952 est,
825 886 859 940 of.
879 887 960 943 Orio.
980 891 1070 946 Amor.
1090 894 1202 952 Remed.

175 996 243 1045 194:
281 991 343 1057 lpse
360 997 438 1056 poles
456 989 530 1039 rivos
546 982 641 1036 ducere
660 984 728 1037 lenis
746 1003 844 1057 oquae.
881 988 959 1044 Quod
976 1005 1069 1045 oeusor
1085 992 1203 1049 lenensis

174 1088 306 1143 Husobkii
331 1106 358 1156 p.
382 1090 446 1140 19⁸.
473 1086 597 1154 pluralem
624 1082 667 1137 blo
692 1100 740 1153 pro
768 1085 892 1153 singulari
906 1088 1030 1154 -posilum
1054 1094 1146 1146 statuit
1169 1094 1203 1149 de

176 1189 259 1245 esleri
278 1202 356 1241 eursu
373 1200 457 1253 aquae
483 1186 556 1251 quasi
580 1185 769 1253 multiplicante
789 1186 873 1251 rivos,
900 1186 1020 1240 Tibullus
1044 1195 1116 1243 certe
1140 1190 1203 1245 nihil

175 1265 226 1344 uisi
249 1286 497 1358 praetereunti
503 1302 517 1338 s
544 1283 617 1339 dicit.
652 1285 689 1337 El
707 1286 838 1352 posuisset
856 1283 923 1338 baud
941 1286 1020 1340 dubie
1037 1289 1202 1356 singularem,

175 1387 257 1441 veluti
276 1386 401 1438 Luem.
419 1383 455 1450 11,
476 1388 529 1437 30:
552 1381 689 1451 prostrati
705 1382 734 1432 in
750 1383 873 1452 gramine
891 1384 964 1438 melli
980 1388 1096 1455 Propter
1113 1404 1202 1459 equos

176 1485 264 1538 rivum
287 1481 440 1537 subternis
460 1479 567 1533 arboria
587 1477 676 1535 oilae,
704 1480 752 1531 nisi
770 1481 853 1549 accipi
870 1480 949 1534 rerba
969 1484 1094 1538 voluisset
1111 1491 1141 1537 ut
1156 1502 1204 1539 nos

178 1584 305 1647 diximus3
332 1598 390 1634 narn
413 1587 442 1635 et
467 1580 599 1634 rarissime
625 1580 698 1646 pouit
723 1577 847 1647 pluralem
873 1596 922 1648 pro
939 1582 1063 1649 singulari
1081 1600 1129 1638 nee
1147 1587 1203 1640 siue

178 1681 273 1735 idonea
288 1696 374 1734 causa
387 1709 425 1721 —
441 1680 587 1750 Expliealie
604 1680 713 1746 siugulis
732 1678 766 1731 de
784 1677 904 1734 universo
922 1682 981 1734 loeo
999 1683 1105 1737 verbera
1123 1688 1201 1740 addo.

179 1782 292 1835 Dixerat
309 1795 388 1849 supra
406 1781 440 1833 de
459 1780 617 1849 plantatione
635 1780 761 1846 cultuque
785 1779 893 1834 deorum
918 1784 1105 1850 agricolarum,
1134 1788 1205 1842 diuet

180 1880 208 1933 le
225 1880 395 1948 sequentibus
412 1879 447 1932 de
471 1881 521 1933 alia
546 1887 621 1949 parte
644 1880 683 1932 rei
708 1881 836 1946 ruallcse3
863 1878 908 1934 has
931 1883 995 1935 duas
1014 1892 1102 1952 pantes
1118 1888 1203 1954 iungit

179 1981 291 2050 repetita
309 1977 428 2048 primaria
441 1980 578 2046 sententia,
596 1994 673 2047 quam
691 1979 810 2046 legimus.
847 1979 1004 2032 Obnerrubis
1021 1987 1107 2035 aulem
1126 1985 1203 2037 simul

180 2096 250 2134 nune
266 2081 319 2134 alio
337 2080 426 2133 colore
441 2094 519 2146 quam
536 2094 615 2146 snpra
631 2093 689 2130 eum
708 2077 793 2131 redire
815 2077 943 2131 vestitam.
987 2079 1054 2132 Cum
1071 2081 1140 2135 enlm
1157 2099 1203 2136 su-

181 2195 227 2247 pra
245 2177 279 2232 de
297 2178 359 2232 loeo
376 2177 481 2244 dixerit,
499 2192 568 2232 uune
586 2175 621 2229 de
635 2177 728 2230 umbra
744 2176 844 2230 arboris
861 2178 977 2244 loquilur
993 2179 1109 2234 fervente
1122 2183 1203 2239 Sirio.

248 2276 282 2331 V.
300 2280 397 2330 29—36.
431 2277 518 2332 Pera
541 2274 691 2332 seeunde
717 2290 833 2340 rerum.
870 2276 918 2330 De
943 2279 1024 2332 aliis
1050 2284 1203 2347 repotiis

179 2372 340 2443 rusticis,
363 2380 524 2432 aratione
541 2379 755 2446 maximeque
778 2380 968 2448 pecuariae
991 2396 1087 2447 oure,
1112 2389 1146 2434 et
1164 2380 1205 2435 de

181 2478 276 2529 eultu
294 2477 510 2543 pastoritiae
527 2477 618 2531 dene.

254 2577 287 2630 V.
306 2581 350 2631 30.
374 2577 517 2629 stimulo
534 2578 766 2647 increpuisse.
804 2578 945 2648 Comparat
961 2580 1203 2637 llusueemcurus

179 2674 263 2727 hasta
281 2674 418 2744 increpare
442 2677 529 2729 Suae.
547 2675 630 2732 Theb.
650 2679 700 2744 Ill,
720 2681 782 2730 4³1.
802 2705 839 2718 --
860 2692 1027 2743 agnamve
1052 2681 1204 2738 fetumve

180 2776 348 2842 capellae.
373 2774 441 2828 Vide
455 2776 612 2830 censensu
625 2777 794 2829 imilationem
812 2776 845 2840 V,
856 2778 900 2827 2⁹.
937 2775 1107 2830 Observatum
1122 2783 1203 2851 eliam

180 2881 221 2927 est
230 2874 362 2945 pnlcbree
373 2877 486 2942 negotiis
497 2879 535 2931 rei
549 2881 687 2947 penuariae
697 2880 809 2931 electum
818 2875 888 2944 quod
899 2874 1009 2928 maxime
1020 2874 1158 2943 poeticum.
1167 2903 1201 2916 -

180 2974 267 3031 ene.
281 2977 412 3041 exiguo
427 2977 563 3044 penori,
578 2977 676 3043 exigno
691 2977 820 3044 gregi·-
834 2977 919 3029 VM.
935 2972 974 3026 de
987 2987 1110 3040 grege,
1126 2988 1203 3040 pree-

180 3073 276 3142 positlo
293 3073 324 3123 de
337 3076 521 3142 partemsumi
535 3076 680 3142 significat,
697 3083 803 3129 notante
824 3076 902 3128 etlam
919 3074 1153 3127 Wunnunurcuro.
1168 3099 1206 3111 -

180 3184 303 3238 magno
322 3182 382 3229 eat.
418 3174 461 3228 Ne
478 3176 537 3243 quis
554 3177 580 3229 in
600 3184 731 3245 posterum
750 3179 843 3233 ilerum
863 3181 945 3229 tentet
962 3173 1067 3228 verbnm
1085 3181 1143 3235 est,
1160 3188 1206 3225 se·

180 3268 234 3323 mel
248 3284 349 3335 moneo,
368 3288 425 3325 eum
442 3291 540 3344 magno
554 3282 690 3329 accentum
707 3274 864 3329 rhetoricum
883 3273 984 3339 babeat,
1002 3273 1035 3326 ad
1054 3286 1113 3325 eum
1130 3271 1206 3323 adiu-

182 3368 295 3423 vandum
313 3370 455 3426 subiectam
474 3390 533 3427 esse
551 3375 687 3442 copulam,
713 3374 783 3440 quod
801 3374 941 3425 innumeris
958 3371 1083 3439 exemplis
1101 3369 1208 3438 probari

179 3474 279 3538 petest.
322 3469 369 3524 Sic
390 3488 469 3541 supra
487 3491 512 3529 v.
530 3478 582 3528 2²2
609 3491 676 3529 nune
693 3491 761 3543 agna
782 3470 875 3545 exigui
891 3477 932 3524 est
950 3469 1033 3524 bestie
1051 3487 1130 3541 parra
1147 3472 1206 3525 soli.

180 3568 251 3624 Inita
276 3586 302 3626 r.
328 3575 383 3625 51:
418 3574 443 3628 0
469 3586 602 3647 qnantum
629 3582 669 3629 est
694 3576 751 3629 auri
782 3575 869 3643 potius
896 3576 1040 3641 pereasque
1066 3571 1205 3638 amaraqdi.

181 3672 259 3727 adde
283 3674 403 3743 1‚4,s=
432 3695 507 3729 coma
533 3688 581 3734 eet
606 3679 672 3733 ibid.
691 3682 744 3731 322
772 3676 825 3733 Qui
850 3673 921 3742 prior
944 3675 1012 3748 Eleo
1035 3683 1076 3729 est
1099 3688 1205 3729 earcere

168 3772 279 3837 miuus,
300 3790 391 3843 equus.
425 3777 491 3831 lbld.
519 3795 543 3834 v.
562 3784 612 3833 64:
641 3793 781 3848 purpureo
804 3779 851 3827 est.
875 3773 896 3838 Ι,
923 3779 950 3839 5,
971 3778 1023 3827 ees
1053 3774 1100 3826 sed
1124 3771 1209 3839 plena

180 3876 224 3924 erl
241 3875 408 3939 percutiende
426 3891 512 3932 mmo.
537 3878 560 3943 1,
577 3884 605 3944 6,
622 3882 657 3931 32
682 3893 715 3929 an
732 3873 822 3947 glorie
839 3888 939 3942 magne
957 3877 1005 3924 eat.
1033 3871 1098 3923 lbld.
1117 3884 1141 3922 r.
1157 3871 1208 3921 ⁴62

180 3969 259 4024 Haeo
276 3972 321 4025 ubi
335 3974 464 4031 Bellonae
484 3987 558 4029 mmo
576 3985 617 4031 est
632 3978 740 4043 agitata.
758 3975 780 4040 l,
795 3980 820 4038 7,
838 3976 871 4025 es
896 3968 957 4021 Nou
975 3968 1030 4020 siue
1049 3972 1144 4045 areeql
1161 3966 1210 4019 tilii

180 4075 274 4141 metus
286 4069 376 4126 bones.
393 4075 415 4141 1,
430 4079 458 4141 8,
473 4079 524 4128 43:
547 4082 602 4129 tum
618 4075 731 4128 studium
740 4073 850 4144 somnne
866 4076 915 4121 est.
951 4064 993 4118 Ne
1006 4065 1113 4119 afferam
1126 4066 1209 4133 plura.

179 4171 304 4228 Pessime
322 4172 417 4244 igitur,
444 4185 473 4231 ut
491 4178 525 4232 sd
543 4179 703 4247 prepoailum
722 4178 807 4231 locum
830 4170 948 4232 redeam,
968 4176 1010 4220 ess
1029 4167 1070 4222 bio
1088 4170 1115 4222 in
1132 4168 1209 4222 finem

907 4279 924 4312 0
