3009 4725
615 470 798 539 TlBULLl.
1128 501 1212 543 cxvu

188 653 271 714 venit
296 668 366 726 res,
398 668 472 710 cuns
495 647 586 730 inops
613 662 692 711 esset
720 651 961 732 sententiarum,
993 665 1023 717 et
1043 665 1211 736 propterea

186 769 298 828 iterare
331 762 446 827 eadem
477 761 646 825 identidem
676 776 806 826 amaret.
868 765 949 828 Sunt
977 766 1041 830 duo
1073 768 1210 831 carmina

188 881 281 942 huius
302 880 436 961 generis.
487 878 524 938 ln
547 877 644 959 elegia
665 883 763 960 quinta
783 891 878 959 poeta
900 880 980 943 lebri
1001 883 1147 944 laborans
1170 880 1209 943 de

188 994 299 1055 mortis
328 993 468 1074 periculo
499 995 662 1075 queritur,
702 995 817 1074 scripta
850 995 890 1058 ad
920 995 1052 1075 amicos,
1092 999 1148 1080 qui
1176 998 1211 1058 in

193 1108 329 1169 thermas
354 1106 496 1168 Etruriae
523 1108 677 1169 abierant.
725 1107 771 1168 Ac
798 1099 934 1188 ¹primum
961 1122 1109 1190 precatur
1131 1112 1210 1171 Pro·

194 1223 350 1303 scrpinam
375 1236 411 1285 ut
432 1235 540 1305 parcat
561 1224 661 1300 vitae,
693 1244 763 1285 cum
784 1226 864 1286 nihil
884 1225 1035 1287 meruerit
1055 1237 1086 1286 et
1109 1222 1211 1285 adhuc

190 1337 313 1399 invenis
333 1339 388 1415 ait,
417 1349 485 1399 tum
505 1338 620 1418 repetit
640 1358 749 1418 preces
770 1359 830 1419 pro
852 1340 950 1401 salute
973 1339 1116 1421 pluribus
1139 1359 1210 1401 ver-

190 1452 253 1526 bis,
282 1471 453 1514 conversus
476 1471 562 1512 nunc
586 1449 716 1514 omnino
739 1449 777 1512 ad
801 1451 919 1514 inferos
946 1450 1036 1529 deos,
1065 1448 1209 1534 reditque

190 1565 278 1625 etiam
316 1561 356 1625 ad
395 1564 621 1625 allocutionem
658 1561 830 1625 amicorum
869 1564 958 1626 initio
996 1569 1210 1642 salutatorum,

191 1682 305 1763 quibus
318 1678 448 1742 mandat
464 1678 652 1754 valedicens,
674 1692 710 1741 ut
727 1680 795 1741 Diti
813 1679 995 1742 sacrificium
1014 1680 1209 1762 promittant.

192 1790 292 1854 Vides
319 1793 576 1873 compositionem
607 1793 722 1873 elegiae
755 1814 821 1855 non
853 1796 962 1856 malae.
1017 1793 1099 1857 Sunt
1128 1793 1209 1856 duas

197 1906 326 1968 omnino
349 1918 472 1988 partes:
500 1907 662 1972 exordium
687 1922 865 1990 separatum
887 1931 953 1972 uon
975 1913 1124 1987 habetur,
1154 1911 1209 1974 sed

194 2020 333 2085 decurrit
359 2023 525 2086 manifesto
552 2047 613 2087 una
639 2027 833 2108 perpetuitas
862 2045 969 2086 rerum
994 2027 1033 2085 ab
1055 2024 1145 2086 initio
1171 2026 1210 2086 ad

185 2123 302 2214 ’ν.20.,
330 2151 398 2199 tum
419 2138 561 2221 sequitur
582 2142 680 2201 altera
700 2160 774 2220 pars
797 2160 867 2201 cum
892 2140 994 2215 exitu,
1022 2139 1077 2200 ubi
1098 2137 1210 2199 lortius

190 2250 323 2315 redeunt
348 2273 460 2334 preces
489 2265 520 2314 et
545 2266 622 2316 vota
649 2273 708 2335 pro
737 2255 819 2332 vita,
859 2254 976 2337 quibus
1004 2271 1088 2315 nunc
1117 2250 1211 2313 etiam

190 2369 280 2431 amici
300 2390 483 2433 succurrere
504 2370 656 2450 iubentur
671 2370 832 2433 sacrificio.
874 2372 919 2432 Ac
940 2369 1020 2431 nihil
1040 2370 1098 2451 hac
1118 2390 1211 2451 repe·

190 2484 299 2547 titione
329 2486 433 2566 aptius
463 2484 499 2547 in
530 2486 585 2546 tsli
617 2499 800 2565 argumento
834 2500 865 2549 et
894 2487 928 2548 in
959 2487 1014 2551 tali
1043 2486 1209 2548 anxietate.

189 2601 275 2664 Haec
296 2601 323 2664 si
340 2600 501 2683 Spohnius
524 2597 765 2679 considerasset,
788 2621 854 2663 non
874 2599 1060 2683 perdidisset
1081 2620 1207 2682 operam

190 2714 368 2779 amoliendo
388 2718 460 2777 loco
486 2737 516 2778 v.
531 2719 668 2792 15·2o,
697 2717 731 2776 in
757 2734 821 2797 quo
844 2715 904 2776 hoc
931 2712 1058 2797 quidem
1082 2714 1209 2777 nomine

188 2833 271 2896 nihil
299 2833 490 2895 offensionis.
541 2830 621 2894 Satis
647 2830 685 2893 de
711 2832 771 2892 his.
822 2827 884 2891 Sed
914 2825 1053 2889 eiusdem
1079 2828 1210 2905 formae,

186 2949 281 3027 longe
298 2966 375 3009 vero
394 2943 545 3023 deterius,
566 2957 612 3006 est
633 2943 757 3007 carmen
776 2950 896 3008 tertiam.
937 2940 1061 3004 Neaera
1081 2941 1210 3019 coniuge

189 3080 281 3140 posse
303 3061 368 3121 frui
392 3080 547 3121 summum
573 3071 684 3141 poetae
711 3063 832 3122 bonurn
854 3057 995 3137 videtur,
1026 3052 1112 3140 quod
1135 3074 1212 3137 que·

189 3178 271 3238 ritur
300 3175 444 3239 nondum
473 3189 599 3258 partum
627 3179 773 3259 precibus
800 3188 832 3238 ct
850 3188 939 3254 ture,
965 3188 996 3236 et
1018 3172 1081 3236 nisi
1102 3193 1213 3236 conso·

192 3304 320 3371 quatur,
349 3291 433 3355 vitae
456 3289 644 3372 deprecatur
667 3313 793 3354 munus.
837 3287 969 3355 Orditur
987 3289 1061 3351 hinc
1083 3301 1118 3349 ut
1138 3309 1211 3370 pre·

194 3423 244 3463 ces
272 3416 303 3465 et
330 3417 402 3466 tura
427 3404 507 3465 nihil
532 3404 681 3485 prodesse
711 3416 878 3487 queratur,
909 3423 980 3465 cum
1005 3416 1109 3465 tamen
1136 3422 1211 3485 opes

192 3537 256 3579 non
277 3522 432 3600 postulet,
459 3516 514 3580 sed
535 3521 637 3581 solum
659 3518 840 3598 coniugium
861 3518 1001 3580 Neaerae
1023 3519 1138 3599 cupiat.
1173 3516 1210 3576 ln

192 3654 253 3714 qno
281 3635 434 3718 pleraque
464 3654 579 3713 genera
607 3633 786 3697 divitiarum
815 3647 992 3711 enumerat,
1025 3654 1106 3716 quae
1136 3652 1211 3693 con·

191 3762 305 3812 temnat
329 3752 453 3827 omnia3
484 3772 556 3812 nam
577 3748 719 3813 simodo
741 3772 812 3812 cum
834 3750 956 3812 Neaera
978 3751 1033 3824 sit,
1059 3749 1110 3809 vel
1131 3767 1210 3827 pau·
1269 3778 1272 3781 ·

189 3874 339 3941 pertatem
370 3863 538 3926 iucundam
568 3866 648 3926 iore.
709 3864 791 3924 'l'um
821 3865 941 3944 pergit:
983 3864 1009 3924 si
1038 3880 1114 3922 vero
1146 3880 1210 3920 non

191 3973 295 4039 audiat
326 3975 421 4055 detis,
461 3981 554 4041 etiam
584 4000 659 4061 opes
689 4002 738 4041 me
771 4000 834 4044 uon
864 3980 991 4054 iuvant,
1033 3975 1211 4055 coniugium

189 4110 334 4152 messmam
359 4095 453 4174 cupio
477 4116 616 4175 paupera
643 4096 738 4156 cultu.
790 4095 859 4155 Hoc
881 4090 1046 4154 concilient
1069 4085 1128 4166 dii,
1158 4101 1211 4148 aut

190 4204 216 4262 si
235 4204 298 4265 lata
316 4220 442 4285 negant,
465 4205 566 4270 Orcus
584 4230 634 4271 nic
654 4220 774 4271 uocato.
818 4206 865 4266 lta
882 4201 1068 4284 Lygdamus.
1107 4203 1211 4263 Prima
