3009 4725
339 399 401 457 258
577 392 858 460 COMMENTAR.
882 396 927 459 ΙΝ
949 396 1124 462 TlBULLI

341 569 438 622 dictum
460 574 529 636 puts.
567 575 720 637 psterns.
749 571 833 624 Ovm.
859 570 924 622 Met.
943 570 990 635 ΙΙΙ,
1013 575 1082 624 59οι
1109 571 1275 648 moriensque
1300 583 1364 634 mitt

340 667 410 719 nihil
421 667 467 718 r'lle
487 666 596 739 reliquit
614 672 729 720 Praeter
747 687 844 742 aquas,
864 690 947 723 unum
966 671 1015 722 tec
1029 689 1138 740 pessum
1155 676 1295 742 appellere
1309 701 1361 750 po.

340 779 454 822 ternum.
466 798 500 807 -
519 769 587 821 Pute
606 785 667 823 vero
686 769 735 824 ime
754 771 843 824 dicere
862 778 981 840 poetam,
999 787 1058 824 eum
1077 772 1102 823 in
1120 778 1219 824 tuntum
1236 782 1362 834 crevisset

276 851 282 862 ⁸
339 869 450 921 nutritus
470 869 627 936 aliquamdiu
643 884 717 921 emer
734 867 870 933 Nemesis,
888 870 984 920 utinm
1002 870 1146 920 firmissime
1164 885 1194 922 se
1212 871 1357 927 devinctum

338 971 503 1022 sentiret·
521 971 709 1023 Servitium
727 969 785 1020 sed
804 969 911 1019 triste
927 967 1034 1019 detur.
1072 966 1200 1035 Cempsrs
1219 969 1281 1020 urite
1299 987 1356 1022 ser-

338 1071 444 1134 vitium,
472 1071 542 1137 quod
562 1072 740 1122 Pnernrmus
759 1066 846 1119 trudat
859 1065 898 1130 ΙΙ,
916 1069 961 1130 20,
983 1069 1016 1118 19
1031 1081 1088 1133 sqq.
1132 1064 1251 1118 Nemesis
1268 1074 1355 1120 sutem

338 1169 404 1221 fastu
422 1183 456 1220 ex
474 1168 581 1220 svsritis
598 1165 730 1217 cruciabat
747 1164 898 1226 Tibullum,
917 1178 1022 1231 semper
1039 1163 1153 1216 difficilis
1171 1172 1199 1216 et
1216 1165 1291 1217 nimis
1308 1180 1356 1218 en·

336 1270 397 1339 pide
415 1283 556 1322 munerum.
575 1293 610 1304 -
628 1271 821 1332 teneorque
840 1263 992 1326 cetenis,
1010 1260 1034 1313 Ιι.
1053 1278 1077 1315 e
1096 1262 1161 1314 dure
1179 1277 1279 1316 mecum
1297 1261 1357 1329 sgi-

338 1376 388 1433 tur,
405 1367 511 1419 ductum
527 1381 542 1416 e
561 1364 755 1432 computatione
773 1364 841 1416 servi
859 1364 926 1414 mele
944 1361 1033 1427 babiti,
1050 1364 1095 1429 qui
1113 1362 1239 1431 compede
1257 1363 1356 1416 vinem

335 1463 416 1534 pedes
434 1462 521 1516 hebet.
540 1487 575 1503 ι·
602 1460 644 1512 Et
667 1475 835 1527 uunquam
855 1459 967 1510 vincta
986 1461 1138 1513 remittit
1159 1463 1270 1525 Amor,
1289 1459 1313 1515 b.
1329 1477 1353 1516 e.

333 1572 362 1619 et
386 1578 515 1631 nunquam
541 1564 611 1615 mitis
629 1568 669 1614 est
688 1563 768 1613 Amor
794 1567 821 1612 et
846 1559 958 1626 benigue
977 1575 1019 1613 me
1043 1567 1155 1628 tractet,
1181 1563 1227 1615 sed
1250 1579 1353 1633 semper

332 1665 422 1718 suevit.
461 1663 562 1731 Nempe
578 1679 629 1715 nnn
647 1661 832 1715 admittebatur
849 1661 969 1713 Tibullus
992 1676 1008 1713 n
1034 1662 1138 1730 puelle,
1162 1663 1208 1716 sed
1233 1672 1293 1717 nnte
1313 1666 1352 1718 in-

333 1781 411 1818 unum
439 1766 541 1817 incebst
565 1765 695 1817 exclusus.
741 1763 815 1816 Bene
841 1777 903 1814 vero
931 1766 958 1814 et
979 1762 1083 1829 peetiee
1101 1763 1180 1816 etium
1198 1762 1249 1816 deo
1266 1770 1353 1831 partes

331 1866 358 1916 in
377 1879 409 1917 es
428 1879 457 1916 re
476 1864 583 1928 tribuit,
602 1865 662 1930 quis
683 1869 736 1916 tnm
756 1877 851 1929 magns
868 1867 895 1913 et
914 1861 1036 1913 centiens
1053 1861 1148 1916 duritia
1165 1864 1220 1918 iure
1238 1865 1352 1919 creditur

332 1966 408 2019 deum
426 1965 526 2016 senium
546 1962 648 2016 babere.
668 1992 703 2004 -
732 1964 765 2016 V.
783 1968 801 2016 u
819 1953 940 2029 sq.“Et
964 1976 1026 2013 seu
1053 1963 1133 2031 qnid
1160 1964 1266 2016 merui
1291 1979 1351 2016 sen

332 2065 413 2132 quid
442 2065 666 2133 peccavimus.
702 2063 752 2116 Est
769 2079 866 2114 merere
883 2062 1022 2118 admittere
1040 2065 1109 2133 qued
1132 2081 1215 2135 poene
1235 2065 1349 2133 dignum,

333 2172 363 2218 ut
382 2171 493 2218 constat.
531 2166 646 2216 Peccere
671 2180 733 2217 vero
760 2170 801 2217 est
819 2163 1009 2232 imprudentem
1027 2164 1122 2232 aliquid
1140 2164 1290 2229 admittere,
1318 2174 1350 2218 ut

330 2272 403 2319 reete
436 2263 500 2316 bnec
525 2263 604 2315 verbs
631 2261 767 2328 distinguit
790 2263 924 2327 Vossius,
957 2263 999 2314 eui
1023 2261 1160 2315 assentdur
1186 2261 1349 2317 Hnsenrrus

329 2380 481 2434 competens
506 2362 636 2416 laudatum
661 2364 739 2417 etism
766 2381 782 2415 n
808 2364 916 2417 Brenno
936 2365 1020 2417 luem
1037 2362 1164 2417 Turnus.
1184 2362 1302 2431 indul,
1322 2371 1348 2432 1,

329 2470 395 2518 ltus
422 2462 496 2534 Quid
508 2462 582 2534 feci,
600 2461 667 2534 quid
687 2461 828 2515 comnrerur'
844 2470 895 2512 aut
908 2461 1029 2530 peccavi,
1044 2460 1148 2531 pater?
1183 2463 1234 2516 Ubi
1252 2464 1348 2518 Dent-

327 2580 393 2617 rus:
411 2559 536 2632 „nitreas
553 2564 723 2618 nmsioribus
741 2563 774 2616 nd
791 2563 899 2616 minore.
935 2562 972 2616 Et
984 2562 1045 2634 jeci
1062 2563 1136 2631 qussi
1154 2563 1253 2618 uetans
1273 2565 1349 2633 utut,

325 2663 413 2717 iecere
431 2664 498 2716 enim
516 2666 574 2731 quis
593 2670 620 2716 et
639 2661 802 2715 homicidium
821 2660 924 2716 dicitur.
963 2661 1110 2713 Commerui
1131 2662 1237 2716 mineris
1253 2665 1348 2732 eulpae

324 2771 372 2818 est.
409 2763 525 2815 Peccevr'
541 2765 623 2817 multo
641 2764 747 2816 minoris
766 2769 794 2814 et
812 2762 945 2815 levioris.“
982 2760 1052 2814 Dieit
1070 2762 1151 2829 igitur
1167 2761 1300 2815 Tibullus:
1319 2763 1347 2815 in

324 2864 414 2932 quevis
433 2865 509 2932 culpe
533 2865 669 2915 summissu
694 2865 750 2916 sire
775 2864 874 2916 meiere
897 2863 953 2916 sive
978 2863 1079 2916 minore
1104 2864 1187 2927 urit,
1212 2860 1238 2916 b.
1256 2879 1280 2917 s
1306 2865 1347 2917 sic

322 2967 406 3035 punit,
421 2971 453 3016 ut
466 2965 488 3016 si
508 2963 646 3015 maximum
665 2970 734 3016 esset
750 2963 884 3020 delietum.
920 2965 1071 3018 Urebnntur
1084 2965 1153 3019 euim
1165 2967 1234 3019 servi
1249 2965 1344 3019 lemme

324 3066 450 3120 candente
470 3071 515 3117 nut
532 3063 640 3129 lucibus,
658 3063 692 3118 ci.
705 3064 738 3116 sd
750 3065 772 3131 1,
785 3069 812 3131 5,
830 3071 856 3119 6.
894 3064 974 3119 Vides
993 3067 1104 3134 puellum
1121 3065 1233 3118 maxime
1250 3079 1346 3134 super-

324 3167 382 3218 bum
401 3172 427 3217 et
445 3162 592 3216 iracundum
612 3162 706 3228 luisse,
726 3178 794 3230 quse
813 3166 854 3217 vet
872 3165 898 3217 in
917 3165 1029 3218 minimis
1046 3162 1173 3228 dissidiis,
1197 3165 1283 3232 quetis
1301 3165 1343 3217 iu-

321 3279 428 3316 numere
445 3267 513 3317 inter
531 3270 655 3328 amantes,
673 3265 794 3330 saeviret,
813 3266 926 3318 frontem
945 3281 1038 3334 nspern
1056 3262 1227 3330 contraheret,
1245 3266 1343 3319 editum

320 3362 495 3416 interdiceret.
532 3361 634 3431 Nempe
652 3369 711 3415 ente
728 3362 814 3415 omilin
832 3380 910 3415 arura
929 3371 986 3417 ernt
1003 3371 1031 3418 et
1048 3365 1170 3417 utebatur
1188 3366 1278 3432 quavis
1295 3379 1343 3416 oc-

320 3462 439 3528 casione,
458 3463 549 3529 quovis
570 3468 722 3531 praetextu,
740 3463 784 3529 qui
806 3462 941 3530 pecuniam
966 3465 1145 3531 promitteret3
1172 3463 1343 3530 nequeenim

320 3559 426 3611 dubium
445 3560 558 3612 levorem
576 3560 701 3629 imprimis
720 3561 830 3628 pecunie
848 3559 970 3613 debuisse
991 3560 1093 3615 redimi.
1126 3561 1211 3613 Peetn
1227 3559 1343 3611 suaviter

318 3664 345 3711 et
364 3657 467 3726 poetice
492 3658 592 3726 tropice
615 3659 727 3714 dictione
751 3663 834 3714 utitur
852 3662 878 3713 in
897 3660 936 3714 liis
955 3662 1034 3714 rebus
1052 3660 1235 3726 significandis.
1272 3659 1342 3713 Cum

317 3766 404 3812 sutem
422 3764 477 3810 tum
496 3759 610 3812 saeviret
630 3763 755 3828 menime,
776 3761 882 3831 pulchre
899 3762 1005 3815 subiicit
1024 3761 1164 3813 continuos
1189 3761 1276 3812 Uror
1300 3761 1344 3826 io,

316 3862 389 3928 qussi
407 3863 465 3928 quis
488 3860 615 3913 distentus
632 3861 659 3913 in
684 3861 796 3928 equuleo
814 3876 882 3914 nune
901 3861 1003 3927 ipsum,
1030 3864 1059 3911 et
1078 3860 1207 3912 dammum
1225 3859 1344 3911 sentiens

314 3964 434 4017 admotae
451 3961 522 4015 lucis.
557 3961 641 4028 igitur
659 3977 796 4015 remove
815 3962 908 4015 lsces
927 3964 982 4011 ests
1001 3958 1091 4012 desine
1110 3959 1200 4024 irasci,
1218 3958 1266 4010 fies
1285 3958 1345 4024 pln-

315 4063 381 4114 cidn.
418 4064 580 4126 Quamquam
606 4061 673 4113 enim
692 4059 737 4112 sax
758 4060 837 4111 etism
863 4056 896 4110 de
921 4058 1018 4111 amoris
1035 4058 1155 4126 ignibus,
1182 4072 1249 4125 qnos
1268 4056 1346 4108 erci-

313 4168 368 4212 tnnt
387 4161 497 4228 puellae,
515 4175 594 4228 saepe
612 4160 714 4226 dicitur,
733 4167 761 4212 ut
781 4159 890 4213 llunsr.
907 4159 954 4229 ΙΙΙ,
972 4164 997 4228 e,
1018 4164 1059 4215 1³.
1079 4159 1147 4213 conl.
1168 4158 1341 4213 bremun.
