3009 4725
447 412 638 487 TIBULLI
674 412 763 486 LIB.
785 414 827 487 ll.
847 427 876 489 t.

480 648 741 712 ELEGIA
782 651 841 715 IV.

186 788 277 920 Hie
302 837 388 914 mihi
415 838 588 912 servitium
609 836 709 912 video
731 839 976 943 dominamque
1002 863 1174 945 paratam:

240 975 314 1045 Iam
339 967 444 1057 mihi,
478 966 618 1041 libertas
644 967 702 1041 illa
727 986 890 1068 patema,
922 970 1004 1046 vale.

191 1099 374 1173 Servitium
400 1095 461 1169 sed
484 1096 577 1169 triste
603 1095 723 1185 datur,
753 1114 937 1199 teneorque
964 1104 1108 1194 catenis,

246 1229 290 1302 Et
316 1254 493 1327 nunquam
517 1226 643 1299 misero
669 1224 781 1300 vincla
805 1228 944 1301 remittit
968 1229 1095 1324 Amor,

170 1360 242 1435 5Et
263 1387 324 1433 seu
349 1357 432 1459 quid
458 1356 569 1430 merui
593 1383 655 1430 seu
680 1356 767 1457 quid
791 1360 1023 1457 peccavimus,
1055 1364 1133 1441 urit.

240 1492 333 1563 Uror
354 1487 407 1561 io:
441 1511 597 1576 remove,
630 1513 730 1560 saeva
754 1487 884 1587 puella,
917 1489 1017 1566 laces.

196 1617 228 1692 0
253 1646 316 1717 ego
337 1643 380 1692 ue
406 1617 536 1718 possim
559 1614 642 1689 tales
664 1617 790 1690 sentire
812 1615 965 1708 dolores,

248 1745 362 1843 Quam
387 1745 522 1819 mallem
548 1745 584 1818 in
612 1744 733 1844 gelidis
757 1746 931 1820 montibus
957 1774 1030 1822 esse
1056 1748 1164 1853 lapis,

194 1876 292 1948 Stare
318 1873 369 1947 vel
394 1874 523 1947 insanis
544 1891 658 1949 cautes
685 1871 833 1948 obnoxia
856 1876 984 1965 ventis,

153 2025 191 2081 1ο
249 1983 424 2103 Naufraga
450 2032 551 2104 quam
577 2005 662 2078 vasti
689 2003 848 2078 tunderet
872 2002 966 2078 unda
991 2004 1111 2080 maris!

192 2136 292 2209 Nunc
317 2152 349 2208 et
374 2161 489 2207 amara
513 2134 587 2208 ‹lies
607 2152 639 2207 et
660 2134 770 2208 noctis
794 2134 943 2208 amarior
963 2133 1087 2210 umbra
1107 2153 1176 2213 est:

244 2264 370 2338 Omnia
394 2291 474 2337 nam
501 2262 589 2336 tristi
615 2280 768 2364 tempora
794 2263 871 2337 selle
896 2263 1044 2341 madent.

196 2395 266 2467 Nec
290 2412 435 2495 prosunt
457 2392 543 2491 elegi
567 2421 630 2468 nec
657 2395 817 2468 carminis
843 2413 961 2470 auctor
983 2394 1125 2497 Apollo:

245 2521 307 2595 llla
333 2552 413 2595 cava
434 2523 581 2623 pretium
605 2522 736 2622 flagitat
760 2552 868 2624 usque
894 2553 1008 2600 mauu.

157 2652 249 2724 ulte
275 2649 412 2751 procul,
442 2653 580 2743 Musae,
606 2653 635 2727 si
662 2681 733 2726 nou
758 2652 929 2752 prodestis
956 2655 1100 2727 amanti:

245 2782 323 2854 Non
348 2808 412 2880 ego
437 2809 513 2871 vos,
546 2800 583 2856 ut
611 2781 680 2855 sint
700 2778 790 2854 bella
814 2777 986 2867 canenda,
1019 2780 1111 2868 colo,

190 2912 262 2985 Nec
288 2910 398 2985 refero
424 2910 574 3012 solisque
599 2912 671 2984 vias
698 2928 730 2984 et
752 2909 882 3012 qualis,
916 2906 977 2980 ubi
1002 2906 1120 2980 orbem

248 3039 451 3142 Complosit,
477 3039 583 3114 versis
608 3041 709 3113 Luna
734 3038 880 3113 recurrit
905 3034 1011 3136 equis.

197 3166 255 3241 Ad
281 3167 455 3242 dominam
486 3167 603 3242 faciles
629 3168 742 3242 aditus
775 3196 838 3269 per
860 3164 1011 3241 carmina
1034 3189 1179 3264 quaero:

154 3309 194 3363 20
251 3299 300 3371 Ite
326 3297 465 3398 procul,
498 3298 640 3388 Musae,
673 3297 703 3370 si
728 3296 815 3371 nihil
841 3296 905 3370 ista
930 3290 1049 3367 valent.

228 3521 296 3574 Η.
322 3523 452 3589 Veromo,
477 3524 522 3591 qul
545 3539 625 3593 saepe
645 3533 678 3576 ut
698 3541 737 3593 pr.
756 3533 783 3575 et
805 3525 873 3578 mulo
893 3523 985 3588 intest,
1010 3520 1051 3575 hle
1071 3517 1181 3574 mutavit

64 3662 69 3671 .
154 3621 255 3669 temere
271 3617 322 3672 Et·
333 3621 358 3672 iu
382 3622 436 3687 Ut,
455 3627 483 3674 et
501 3623 654 3675 remittit
671 3623 698 3674 in
716 3621 847 3675 remittat.
884 3621 959 3674 eunt.
972 3620 1180 3689 Explicattouem

153 3713 188 3765 ad
209 3714 238 3780 1,
256 3719 289 3782 2,
306 3721 350 3770 80.
366 3743 402 3757 -·
445 3719 478 3771 V.
489 3725 516 3772 7.
540 3721 668 3787 possim
692 3720 792 3787 optimi.
830 3721 880 3773 Alii
900 3737 1019 3788 possem,
1043 3733 1162 3785 possum.

227 3814 260 3867 V.
272 3819 314 3866 12.
332 3831 405 3869 num
424 3816 483 3868 libri
502 3819 602 3886 optimi.
639 3818 815 3871 Vrucuumus
833 3818 954 3869 Buuuov.
969 3819 994 3869 in
1010 3832 1081 3882 spec.
1096 3813 1180 3865 doctr.

154 3912 186 3975 4,
206 3915 266 3966 138.
290 3932 379 3980 nunc3
409 3914 490 3968 lml
515 3917 681 3971 coniecerunt
705 3916 776 3982 iam,
805 3916 873 3982 quod
899 3919 978 3982 vulgo
1003 3919 1144 3979 receptum.

227 4010 260 4063 V.
275 4015 316 4062 15.
342 4026 409 4065 non
435 4013 495 4066 libri
520 4015 639 4080 plurimi,
671 4029 720 4067 nec
747 4031 825 4067 causa
850 4014 944 4066 idoneo
969 4018 1010 4063 cot
1037 4023 1117 4075 quare
1142 4004 1183 4060 nit

153 4110 302 4173 reponatur.
320 4136 358 4149 -
402 4110 436 4163 V.
450 4114 494 4163 18.
521 4112 610 4179 Vulgo
635 4120 758 4163 recurrat
782 4126 817 4164 ex
841 4110 914 4164 tibris
937 4108 1108 4177 interpolatis.

871 4204 893 4268 4
