3009 4725
299 373 376 450 -48
631 374 818 450 leULLl
850 376 934 450 le
953 379 995 451 ll.
1014 394 1040 450 3.

364 560 410 636 At
430 559 493 635 tibi
509 558 599 634 dora
611 559 725 652 Ceres,
749 562 922 640 Nemesim
937 592 1024 665 quae
1040 563 1182 640 abducis
1195 568 1239 642 ab
1247 569 1349 659 urbe,

413 688 709 764 Persolvatuulla
735 693 866 794 semina
893 709 982 768 terra
1008 692 1085 772 fide.

339 816 411 893 -Et
432 834 488 908 tu,
523 818 659 895 bacche
684 836 799 910 tener,
832 822 1003 897 iucrmdae
1023 824 1175 899 consitor
1200 851 1305 916 uvae,

421 947 476 1020 Tu
503 975 640 1050 quoque
667 947 829 1038 devotos,
856 950 1012 1040 bacche,
1043 951 1198 1055 relinque
1222 952 1326 1029 lacus.

324 1075 473 1154 &Haud
497 1078 637 1179 impune
663 1076 742 1154 licet
766 1078 937 1156 formosas
963 1081 1118 1157 tristibus
1144 1084 1237 1182 agris

417 1204 577 1281 Abdere:
611 1235 682 1281 nou
708 1208 795 1282 tanti
821 1227 902 1284 sunt
926 1228 985 1285 tua
1010 1229 1142 1301 musta,
1177 1229 1284 1314 pater.

364 1335 396 1410 0
423 1336 556 1414 valeant
580 1336 717 1436 fruges,
749 1351 794 1413 ne
819 1339 889 1414 siut
912 1340 1018 1416 modo
1046 1370 1127 1416 rure
1152 1343 1304 1445 puellae:

361 1542 370 1557 ‚
420 1465 529 1541 Glaus
556 1464 644 1557 alat,
672 1484 705 1542 et
728 1467 843 1569 prisco
867 1497 963 1545 more
985 1470 1150 1545 bibantur
1176 1499 1293 1573 aquae.

368 1592 477 1669 Glans
504 1593 588 1670 aluit
612 1613 760 1686 veteres,
786 1615 819 1671 et
843 1600 972 1699 passim
995 1628 1133 1700 semper
1156 1619 1333 1678 amarunt:

323 1742 361 1796 70
420 1723 519 1822 Quid
544 1726 664 1802 nocuit
687 1725 802 1804 sulcos
828 1756 900 1802 uon
925 1727 1087 1804 habuisse
1114 1732 1228 1804 satos?

366 1854 476 1943 Tum,
509 1855 636 1955 quibus
662 1856 839 1957 aspirabat
861 1857 988 1949 Amor,
1022 1859 1208 1960 praebebat
1233 1879 1347 1963 aperte

415 1982 512 2057 Mitis
535 1984 573 2058 iu
598 1984 764 2062 umbrosa
788 1987 916 2084 gaudia
936 1987 1021 2061 valle
1044 1993 1170 2062 Venus.

363 2111 486 2186 Nullus
513 2131 587 2188 erat
610 2132 743 2203 custos,
779 2114 872 2189 nulla
899 2114 1074 2196 exclusura
1102 2114 1253 2188 dolentes

410 2246 538 2318 Ianua:
571 2242 679 2320 sifus
706 2260 774 2331 est,
807 2269 882 2315 mos
908 2269 1032 2342 precor
1055 2241 1112 2314 ille
1137 2242 1222 2315 redi.

322 2389 359 2446 75

412 2498 563 2574 Horrida
588 2498 708 2575 villosa
733 2527 879 2601 corpora
905 2516 994 2574 veste
1021 2517 1146 2599 tegant.

369 2632 470 2705 Nunc
496 2631 526 2704 si
549 2629 664 2707 elaeusa
688 2658 765 2705 mea
790 2648 859 2720 est,
891 2631 921 2704 si
946 2630 1045 2731 eopia
1067 2658 1145 2703 rara
1169 2628 1326 2718 videndi,

417 2762 494 2837 Heu
514 2761 697 2852 miserum,
729 2760 840 2836 laxam
867 2760 953 2861 quid
977 2760 1072 2845 iuvat
1098 2788 1171 2836 esse
1195 2760 1333 2859 togam?

363 2892 505 2965 Ducite:
529 2891 574 2964 ad
599 2891 783 2991 imperium
807 2889 966 2963 dominae
992 2888 1201 2964 sulcabimus
1225 2917 1345 2989 agros:

324 3041 362 3095 to
420 3022 500 3095 Non
527 3048 590 3120 ego
616 3046 671 3095 me
692 3016 813 3092 vinclis
839 3017 1106 3122 verberibusque
1133 3048 1232 3118 nego.

395 3369 430 3424 V.
441 3372 485 3422 61.
508 3367 620 3422 Coros
643 3369 722 3437 vulgo
748 3367 783 3422 de
805 3368 954 3422 contectura
979 3367 1102 3422 Butam.
1145 3365 1240 3421 Lectio
1263 3382 1346 3436 seges.

325 3462 393 3517 Tum
418 3464 515 3519 habeut
538 3466 598 3521 tibet
624 3467 686 3539 qur}
718 3468 800 3521 leant
823 3466 886 3521 vero
910 3483 1012 3535 quae,
1048 3468 1144 3521 lectum
1169 3446 1239 3533 qobd
1266 3463 1347 3529 vulgo

325 3562 386 3615 tude
403 3562 437 3615 ab
457 3562 545 3619 Auro.
560 3591 596 3605 -
632 3565 699 3620 Mox
718 3570 796 3622 v.62.
814 3567 933 3621 Puoorus
952 3575 1040 3631 certo,
1065 3564 1146 3618 ceteri
1163 3561 1224 3615 bont
1242 3567 1347 3615 terta.

324 3658 380 3714 Iam
405 3660 598 3716 Lacunam
626 3666 730 3733 potuita
766 3665 809 3718 Ae
838 3661 888 3715 ribi
920 3663 991 3715 dura
1019 3679 1108 3732 seges,
1142 3658 1273 3712 Ncmesim
1302 3655 1351 3729 qui

325 3757 439 3813 abducis
463 3757 498 3811 ab
524 3759 602 3821 urbe,
627 3768 655 3816 et
677 3765 703 3817 iu
728 3769 891 3831 pentametro
909 3761 1010 3815 sentino
1035 3769 1118 3815 certo.
1162 3760 1209 3814 sio
1226 3757 1259 3812 ad
1277 3772 1349 3811 umu-

325 3868 411 3917 torem
434 3863 508 3916 locos
531 3864 652 3931 pertinet.
696 3860 751 3915 Sed
776 3863 858 3931 probo
880 3862 950 3931 quod
968 3862 1048 3931 vulgo
1066 3866 1201 3930 receptum
1223 3860 1251 3912 io
1274 3861 1350 3911 texto

324 3965 406 4020 rideo.

397 4088 487 4144 vus.
513 4087 611 4142 terso·
634 4084 741 4141 excidit
1331 4050 1350 4091 ⁸
