3009 4725
298 333 359 388 182
536 323 816 389 COMMENTAR.
838 324 883 387 lu
906 323 1079 390 TlBULLl

300 501 435 564 ruptorum
461 507 534 564 opes·
553 521 587 535 —
622 495 774 562 liquidas
798 509 849 549 non
875 497 994 549 otiosum
1042 494 1184 563 Diiflusnt,
1211 503 1264 567 ait,
1292 510 1321 554 ut

300 595 399 662 liquida
415 600 458 648 est
473 610 549 663 aqna.
584 594 770 664 Significanter
796 596 877 663 igitur
901 595 972 663 qnod
990 597 1040 648 iam
1059 595 1086 646 iu
1103 595 1207 648 nomine
1224 614 1272 667 per
1290 614 1319 652 se

301 693 386 760 inest,
414 694 492 746 ctiam
509 694 582 746 iuxta
604 695 692 764 posuit
715 695 840 765 pecudiari
858 695 938 749 verbo
956 709 1123 764 expressum,
1150 694 1184 747 ci.
1203 696 1236 748 ad
1254 697 1276 762 1,
1295 702 1319 763 1,

302 793 347 849 eat
365 821 400 834 -
429 793 568 849 Postremo
594 795 744 850 observabis
769 811 828 849 eum
854 796 885 848 ri
905 796 1043 865 repetitum
1062 809 1155 847 nomen
1173 800 1319 849 muneri·

301 895 363 948 bun
380 923 416 934 -
434 910 577 949 munera.
595 924 631 936 -
661 897 694 951 V.
714 899 747 948 1³
766 911 806 963 sq.
842 896 909 948 lam
931 893 1012 947 mihi
1037 896 1218 963 persolvet
1240 912 1318 963 poe-

303 1007 369 1047 nas·
405 994 487 1048 Redit
510 993 543 1050 ed
565 996 639 1048 iram.
675 992 790 1047 Pedibus
814 994 939 1052 comitans
956 992 983 1046 in
1001 991 1095 1045 itinere
1117 989 1245 1045 homiuem
1261 1007 1319 1045 aot-

304 1091 366 1145 dide'
382 1107 502 1160 perenm
529 1093 574 1158 qui
599 1106 648 1143 rec
671 1105 748 1143 curru
766 1090 848 1142 utitur
867 1104 917 1143 nac
934 1089 992 1142 aliis
1010 1090 1238 1143 commoditatibus
1255 1092 1321 1154 riae,

304 1205 370 1261 puer
386 1193 501 1262 turpabit
517 1198 545 1244 et
563 1191 649 1244 taedet
665 1205 761 1260 corpus
779 1195 906 1256 tenerum,
924 1197 1003 1257 atque
1021 1191 1057 1242 its
1075 1191 1126 1243 ism
1140 1205 1208 1243 nune
1226 1206 1323 1257 poenas

304 1292 385 1346 uattt.
420 1294 505 1345 Recte
523 1307 585 1345 vero
604 1290 682 1346 habet
696 1289 847 1362 persolvet,
864 1307 914 1360 pto
930 1305 984 1358 quo
1002 1291 1116 1342 Vossius
1134 1294 1162 1343 et
1179 1290 1323 1342 Wnunarv

305 1405 414 1446 rieures
437 1390 571 1460 persolves
597 1391 749 1459 probarunt.
784 1390 905 1457 Denique
922 1405 1028 1443 suarum
1047 1389 1126 1443 inuse
1144 1395 1322 1457 corruptorem

304 1491 384 1558 pueri·
397 1491 511 1543 Vossius
530 1488 632 1554 estqui
650 1487 813 1554 observavit,
831 1503 984 1557 comparans
1002 1489 1078 1540 simui
1095 1488 1202 1541 Tillium
1221 1493 1324 1555 praeto·

306 1606 361 1644 rem
378 1587 449 1659 apud
467 1588 579 1642 Hoetu.
596 1588 675 1641 satir.
692 1588 714 1652 1,
731 1591 758 1654 u,
777 1592 839 1641 10¹1.
875 1587 1001 1642 Simiiiter
1018 1587 1096 1641 etism
1122 1585 1164 1641 hic
1187 1591 1276 1640 noster
1298 1587 1324 1639 in

306 1701 352 1740 rus
369 1687 499 1757 proticisci
522 1687 635 1740 votuisse
652 1686 771 1753 videtur,
798 1703 848 1742 nec
870 1703 937 1756 opus
954 1694 984 1740 nt
1001 1703 1060 1740 cum
1079 1687 1194 1740 naimo
1212 1703 1260 1756 pro
1277 1703 1325 1741 ne-

307 1786 439 1854 gotiatore
456 1801 517 1840 eum
535 1784 639 1841 habeas
658 1815 694 1826 -
719 1788 915 1856 puluisque.
950 1788 1032 1841 Vides
1049 1788 1142 1840 iterum
1161 1787 1281 1853 copulam
1298 1787 1325 1839 iu

308 1887 419 1940 transitu
438 1886 472 1940 ad
494 1885 613 1955 singula,
631 1887 667 1942 ei.
686 1887 719 1942 ad
737 1888 760 1955 1,
777 1892 805 1955 5,
824 1892 868 1942 ll.
885 1913 920 1929 -
946 1895 1088 1941 urentur
1105 1887 1180 1940 sole
1199 1885 1326 1955 capilii,

310 1988 376 2041 ssavo
394 1989 465 2042 crine
482 1988 509 2041 in
523 1988 624 2042 tuscum
642 1990 963 2057 mateto‚aitHeru1us.
1000 1991 1114 2043 Vossius
1133 1997 1219 2041 umen
1237 1987 1326 2039 obser·

309 2092 353 2138 vat
370 2099 488 2155 asperam
512 2087 570 2140 dari
592 2103 693 2142 comam
713 2096 740 2141 et
758 2089 869 2156 rigidam
885 2089 942 2141 soie
959 2097 987 2141 et
1010 2088 1144 2140 motiitiem
1162 2102 1332 2173 manescere:

307 2180 410 2253 Libyco
434 2181 489 2235 sols
508 2194 625 2258 perusto
649 2202 723 2237 corno
740 2183 862 2239 Herculis
879 2187 1042 2237 Prorsanro
1060 2184 1156 2237 dicitnr
1172 2185 1218 2248 IV,
1237 2189 1264 2251 9,
1282 2189 1344 2254 46.-

309 2284 387 2337 titud
411 2291 452 2337 ant
475 2283 584 2339 Henna.
601 2284 689 2354 Epod.
705 2283 740 2350 ll,
758 2288 809 2338 412
832 2292 947 2354 perusta
970 2280 1072 2336 solibus
1095 2298 1177 2345 uxor,
1202 2281 1273 2348 qnod
1291 2283 1325 2335 nd

307 2383 385 2438 iaeiei
401 2383 501 2437 mcum
518 2385 631 2438 coierent
649 2385 770 2452 pertinet.

381 2482 414 2534 V.
440 2484 552 2535 listis
592 2481 737 2535 Medium
771 2494 912 2535 carmen.
964 2481 1135 2535 Uberiore
1165 2481 1327 2549 obiurga-

310 2582 408 2637 tione
434 2585 578 2654 exponit
603 2598 732 2638 omnem
764 2583 924 2636 iniuriam
952 2583 1070 2651 pueri,
1105 2588 1174 2635 tum
1201 2583 1326 2649 procui

311 2696 383 2736 enm
409 2683 523 2736 iratus
553 2684 679 2736 abesse
707 2684 817 2749 iubet,
853 2682 1058 2755 corruptori
1086 2696 1167 2735 vero
1193 2683 1326 2749 gravis-

309 2780 391 2834 sima
417 2782 505 2833 mata
531 2781 753 2849 imprecatur.

380 2879 415 2934 V.
435 2880 542 2931 lvio.
569 2877 714 2931 videbimus
733 2880 843 2947 primum
867 2877 1087 2950 obiurgationem.
1122 2880 1258 2946 Peccufl,
1282 2880 1327 2945 aii,

310 2980 445 3033 immemor
461 2974 661 3031 admonitionum
680 2993 812 3044 mearum,
830 2980 965 3032 immemor
983 2979 1148 3033 iurisiurandi
1165 2979 1218 3045 tui,
1236 2979 1327 3031 imme·

310 3095 368 3133 mor
392 3079 537 3133 officioram
560 3092 677 3132 meorum
702 3085 730 3132 et
755 3081 896 3132 carminum
924 3079 971 3131 tibi
995 3079 1183 3136 dedicatorum.
1225 3080 1328 3150 Nempe

310 3185 370 3234 sunt
395 3186 450 3234 tres
473 3181 533 3234 loci.
569 3179 686 3233 Primum
711 3187 800 3232 narrat
825 3196 849 3235 v.
870 3185 992 3248 174⁰„
1017 3188 1047 3234 nt
1070 3181 1232 3235 admonuerit
1248 3196 1329 3249 saepe

312 3296 435 3349 puerum,
459 3298 494 3336 ne
509 3296 575 3336 aurs
596 3283 726 3351 eorrumpi
745 3297 775 3334 se
793 3283 914 3350 patiatur.
951 3281 1030 3342 Quod
1053 3281 1103 3334 iate
1126 3280 1238 3335 levitate
1256 3277 1328 3331 mata

310 3370 435 3446 neglexit.
471 3380 571 3434 Deinde
588 3381 697 3449 exponit
714 3379 793 3434 etiam
811 3381 910 3433 iurasse
932 3396 1041 3449 puerum
1057 3382 1224 3434 sanctissimis
1242 3378 1327 3431 verbis

307 3490 340 3531 ‘se
357 3480 428 3531 noiie
445 3479 542 3532 violare
560 3479 647 3545 fldem,
664 3495 689 3533 n.
707 3482 803 3533 iai-4⁰.
839 3480 885 3532 Sic
899 3478 1049 3548 periurium
1066 3479 1176 3532 aceedit.
1210 3476 1328 3543 Denique

310 3590 335 3625 r.
353 3577 461 3628 thio.
484 3573 623 3646 ingratum
647 3576 767 3629 animum
794 3578 868 3647 pueri
893 3579 1013 3631 ostendit
1057 3578 1098 3631 De
1116 3578 1248 3647 praeclara
1265 3591 1327 3643 grn-

309 3658 415 3726 'datIona
441 3671 532 3727 horum
560 3677 675 3731 iocorum
700 3678 756 3731 dixi
781 3680 860 3731 etiam
886 3678 912 3731 in
937 3679 1046 3732 Dissert.
1070 3677 1104 3730 de
1129 3676 1209 3730 Poesi
1232 3675 1330 3729 Tibuiii

311 3788 369 3843 cap.
385 3771 420 3826 11.
456 3771 533 3827 Nunc
558 3777 719 3844 explicemus
745 3778 858 3844 singnis.
875 3805 910 3817 -
940 3792 1023 3829 suro
1049 3793 1090 3830 ue
1116 3777 1235 3847 pollue
1260 3774 1330 3829 tor·

309 3889 398 3928 mam.
433 3874 563 3928 Potiuitur
585 3876 669 3930 torma
690 3878 764 3931 cuius
790 3892 852 3931 nans
869 3882 897 3931 et
913 3876 1012 3929 tructus
1029 3892 1094 3930 suro
1111 3875 1240 3930 venditur.
1277 3872 1331 3926 Ce-

308 3980 392 4026 terum
410 3981 545 4043 comparat
562 3976 725 4031 Huscunrus
743 3975 874 4045 Aristoph.
893 3976 962 4030 Nub.
977 3981 1046 4031 987:
1063 3981 1107 4029 καὶ
1124 3973 1162 4046 μή
1179 3972 1253 4047 παρὰ
1270 3970 1331 4031 τούς

307 4074 406 4125 σαυτοῦ
423 4077 512 4140 youtut
532 4087 708 4146 σκαιουργεῖν,
728 4074 790 4128 ἄλλο
809 4095 836 4129 τι
855 4077 935 4145 μηδὲν
954 4072 1060 4148 αἶσχρόν
1078 4088 1174 4142 ποιεῖν,
1191 4068 1221 4141 3,
1241 4095 1266 4128 τι
1283 4076 1330 4141 τῆς
