3009 4725
305 369 354 441 70
599 367 783 440 TIBULLI
819 370 904 442 LlB.
924 371 981 443 lll.
999 385 1026 446 4.

344 549 451 649 Quod
477 551 506 624 ai
533 577 612 625 vcra
638 570 767 626 canunt
790 555 896 629 sacris
922 556 1060 631 oracula
1086 559 1238 661 templis,

396 682 489 753 Haec
514 678 563 753 iili
588 698 708 755 nostro
733 683 873 758 nomine
898 685 989 760 dicta
1014 686 1112 761 refer.

341 809 433 880 ‘Hoc
460 807 523 881 tibi
550 809 749 908 coniugium
772 813 938 912 promittit
962 813 1082 889 Delius
1107 817 1200 917 ipse:

304 951 341 1002 80
399 935 494 1008 Felix
519 935 603 1026 hoc,
634 938 737 1013 alium
765 939 882 1015 desine
905 941 989 1015 velle
1015 944 1154 1018 virum.''

345 1066 457 1154 Dixit,
490 1082 523 1140 et
547 1067 689 1166 ignarus
715 1068 856 1145 defluxit
881 1100 1024 1172 corpore
1052 1103 1201 1150 somnus.

390 1185 446 1268 Ah
473 1222 536 1293 ego
563 1225 606 1270 ne
631 1198 761 1298 possim
787 1217 879 1275 tanta
905 1202 1020 1277 videre
1043 1203 1141 1278 mala.

342 1322 412 1398 Nec
437 1323 498 1397 tibi
526 1325 729 1400 crediderim
753 1329 839 1402 votis
865 1333 1035 1407 contraria
1062 1351 1138 1407 vora

392 1453 463 1525 Nec
484 1469 616 1527 rantum
639 1456 767 1530 crimen
790 1477 925 1558 pectore
949 1461 1060 1536 inesse
1083 1480 1158 1536 luo:

303 1579 435 1653 &Nam
461 1598 493 1653 tc
518 1609 582 1656 nec
607 1584 691 1657 vasti
716 1606 908 1683 genuerunt
931 1618 1082 1690 aequora
1106 1592 1203 1692 ponti

392 1711 463 1784 Nec
489 1710 661 1786 flammam
685 1713 824 1790 volvens
851 1746 909 1792 ore
936 1718 1116 1794 Chimaera
1142 1722 1216 1793 sero

343 1840 414 1913 Nec
438 1840 531 1914 canis
559 1842 729 1940 anguinea
752 1846 931 1922 redimitus
956 1866 1050 1949 [erga
1077 1868 1226 1938 caterva,

396 1968 459 2042 Cui
484 1987 552 2043 tres
576 1989 657 2045 sunt
681 1971 818 2074 linguae
843 1977 1137 2078 tergeminumque
1162 1994 1281 2074 capnt,

344 2095 525 2201 Scyllaque
550 2100 738 2200 virgineam
764 2104 908 2178 canibus
932 2105 1105 2179 succincta
1131 2103 1295 2200 figuram,

304 2242 341 2297 90
398 2228 468 2302 Nec
496 2246 528 2303 tc
557 2249 755 2332 conceptam
784 2259 882 2305 sacra
911 2229 1029 2304 leaena
1058 2230 1151 2318 tuln,

335 2359 491 2434 Barbara
517 2388 580 2436 nec
603 2360 763 2465 Scythiae
788 2358 886 2434 tellus
910 2359 1125 2434 horrcndave
1149 2360 1280 2465 Syrtis,

396 2488 467 2562 Sed
489 2487 579 2564 culta
603 2508 635 2564 et
657 2489 753 2564 duris
779 2517 850 2564 non
876 2488 1066 2563 habitanda
1088 2490 1212 2564 domus

346 2616 389 2690 Et
413 2617 516 2717 longe
540 2638 617 2695 ante
644 2619 726 2695 alias
752 2648 871 2695 omncs
894 2618 1073 2693 mitissima
1098 2638 1207 2694 mater

393 2747 495 2849 Isque
520 2767 618 2849 pater
642 2779 712 2851 qno
737 2780 809 2824 non
836 2748 921 2824 alter
945 2747 1134 2823 amabilior.

306 2877 443 2951 95Haec
469 2876 554 2950 deus
578 2877 615 2950 in
638 2876 760 2951 melius
784 2876 936 2953 crudelia
960 2880 1095 2953 somnia
1121 2894 1227 2953 vertat

397 3007 442 3082 Et
466 3006 581 3082 iubeat
605 3006 738 3107 tepidos
763 3006 859 3081 irrita
885 3006 974 3082 serre
999 3008 1119 3082 Notos.

378 3296 411 3350 V.
424 3299 468 3352 81.
493 3311 638 3367 corpore
660 3303 732 3352 recta
749 3298 816 3351 unm
852 3299 996 3353 Scauros:
1012 3314 1072 3353 cnm
1090 3299 1169 3351 Anno
1185 3307 1300 3367 pectora.

380 3422 411 3472 V.
423 3425 467 3476 ⁸4.
490 3422 592 3493 pectori
613 3426 710 3493 primun
730 3427 873 3479 Scaurum
891 3427 1003 3495 recepit.
1017 3452 1051 3465 -
1093 3425 1125 3477 V.
1136 3429 1181 3477 0⁹.
1200 3421 1326 3491 scyllam

307 3515 440 3571 Hnrnrna
464 3525 492 3572 et
514 3524 629 3577 Vonarna
654 3525 711 3578 ιοΙί.
726 3552 762 3564 -
795 3526 978 3577 succincta
1002 3522 1098 3573 cmxc.
1122 3536 1186 3574 var.
1239 3519 1326 3585 Vulgo

308 3629 402 3681 magna
426 3618 551 3671 varietas:
576 3620 728 3688 rnbmixrn,
750 3620 898 3686 submissa,
918 3618 1058 3672 aummr'ata
1082 3626 1133 3670 cet.
1156 3623 1184 3670 et
1201 3615 1327 3681 evaristo,

307 3711 448 3782 redimita,
473 3714 611 3772 concitata.
