3009 4725
23 1093 27 1110 s

23 1133 28 1166 l

587 389 769 455 TIBULLI.
1113 421 1192 465 mx

157 564 228 630 lion
245 566 367 628 melius
381 563 416 640 ii,
435 557 495 645 qui
513 573 620 626 contra
636 561 785 630 Ouidium
802 576 940 631 statuunt
954 571 1079 635 tertium
1098 593 1185 639 amo-

157 701 223 744 rem
241 681 307 743 boc
328 678 419 742 libro
442 699 462 739 a
484 676 610 741 Tibullo
636 692 808 759 cantatum,
842 693 873 745 et
894 682 1029 749 Baebius
1058 689 1185 772 quidem

166 908 330 987 cogitasse3
346 903 484 968 vidimus
506 917 612 967 autem
633 905 763 986 elegiam
779 903 931 972 decimam
950 910 1040 975 istius
1053 914 1127 977 libri
1144 921 1183 981 ab

172 1019 364 1084 adolescente
380 1022 506 1083 Tibullo
524 1021 680 1102 scriptam,
700 1034 832 1084 aetatem
852 1025 1018 1089 militarem
1037 1029 1186 1109 ingresso,

173 1145 246 1196 ants
266 1133 350 1218 quod
371 1147 491 1218 tempus
511 1154 594 1215 puer
608 1134 676 1198 luit.
719 1134 806 1197 Haec
827 1148 921 1221 atque
941 1140 1015 1210 talia
1035 1143 1186 1207 continuo

171 1252 296 1315 obiicias
314 1251 365 1328 iis,
399 1252 455 1335 qui
479 1250 601 1312 Tibulli
629 1263 763 1313 amatam
791 1250 899 1315 dicunt
924 1253 1095 1340 Neaeram3
1129 1259 1185 1324 scd

168 1386 232 1429 uon
251 1366 302 1428 his
323 1366 398 1428 solis
422 1384 477 1427 eos
505 1365 697 1427 minumus:
725 1364 906 1444 gravimima
928 1385 1107 1448 argumenta
1133 1375 1184 1436 of·

167 1483 226 1546 lert
246 1479 466 1546 dissimilitudo
493 1481 658 1543 manifesta
684 1499 833 1562 poeseos,
848 1511 854 1520 ·
867 1484 901 1544 lt.
922 1506 948 1547 e.
977 1484 1099 1550 diversa
1126 1489 1183 1566 vis,

168 1600 313 1676 mactatio,
331 1598 527 1680 compositio,
549 1596 693 1674 elocutio,
717 1617 813 1680 quam
827 1619 893 1661 rem
912 1620 969 1680 ego
987 1602 1021 1663 in
1041 1606 1184 1687 sequenti

172 1711 384 1776 ammaricus
409 1711 591 1792 explicatius
617 1729 807 1793 persequar,
840 1733 935 1794 quam
963 1728 1034 1777 ante
1057 1737 1108 1778 me
1137 1734 1183 1782 est

175 1824 302 1884 iactum.
338 1824 393 1883 lbi
408 1824 503 1901 igitur
517 1824 614 1886 lector
638 1836 740 1885 cetera
759 1823 898 1888 inveniet
923 1826 963 1888 ad
984 1829 1065 1891 hanc
1086 1851 1183 1912 quae·

170 1937 305 2001 ationem
326 1936 526 2017 pertinentia.
573 1938 669 2019 Atque
700 1935 810 1998 eadem
830 1939 907 1999 baec
932 1961 1012 2020 quae
1033 1941 1101 2003 dixi
1120 1927 1200 2005 dis-⁴

58 2135 61 2139 Α
170 2051 299 2114 crimina
318 2048 524 2128 inventionis,
553 2050 801 2132 compositionis,
822 2051 1005 2114 elocutionis
1026 2053 1119 2115 etiam
1140 2058 1185 2117 al·

169 2168 224 2229 teti
250 2165 398 2248 opinioni
418 2165 539 2226 obstant
558 2165 678 2246 Vulpio
705 2178 736 2227 et
757 2166 921 2231 Huschkio
948 2170 1098 2251 placitae,
1127 2172 1183 2256 qui

168 2284 326 2344 Tibullum
348 2280 442 2343 amici
462 2278 623 2342 cuiusdam
643 2279 798 2362 Lygdami
824 2305 944 2348 amores
975 2285 1107 2350 creduut
1133 2288 1183 2352 his

171 2395 270 2482 elegiis
289 2400 444 2462 cecinisse.
488 2397 634 2459 Tibullus
655 2399 744 2460 nullo
770 2399 865 2463 modo
893 2414 1002 2465 auctor
1031 2422 1097 2466 esse
1125 2427 1183 2486 po-

167 2516 243 2593 tuit,
273 2512 427 2598 quidquid
453 2510 561 2593 fingas.
613 2509 707 2587 Quot
738 2535 810 2576 cum
840 2519 968 2580 sentiret
997 2520 1047 2582 vir
1074 2518 1182 2585 doctus

166 2628 306 2707 Oebalus,
327 2631 361 2691 in
380 2629 539 2713 gymnasio
559 2628 808 2711 Aquisgraneusi
827 2631 932 2695 literas
952 2636 1097 2719 antiquas
1118 2650 1182 2699 tra·

166 2742 255 2821 dens,
275 2763 380 2823 nuper
396 2743 429 2802 in
447 2755 676 2824 programmate
696 2742 880 2805 scholastico
902 2754 1083 2810 anu.1832.
1107 2772 1183 2830 pro·

162 2863 243 2922 bare
256 2855 379 2922 studuit
392 2855 531 2922 Cassium
545 2859 747 2921 Palmensem
763 2869 922 2922 auctorem
937 2859 1042 2922 luisse.
1083 2863 1185 2939 Hunc,

165 2998 239 3040 nam
260 2976 420 3058 antiquior
441 2985 516 3051 erat,
537 2993 721 3057 expressum
740 2996 759 3036 a
776 2976 904 3038 Tibullo
922 2974 1027 3036 multis
1047 2974 1081 3036 in
1101 2977 1186 3049 locis,

166 3091 253 3176 quod
274 3092 391 3171 colligit
415 3111 455 3152 ex
474 3090 583 3152 Horat.
610 3091 719 3172 Epist·
731 3092 756 3169 Ι,
775 3095 805 3169 4,
828 3098 857 3155 3.
905 3093 974 3155 vix
993 3104 1096 3156 tamen
1119 3093 1185 3155 cui·

164 3226 262 3291 quant
282 3209 366 3268 hanc
394 3202 575 3288 opinionem
605 3204 804 3285 persuaserit.
853 3206 898 3269 Ac
924 3205 1061 3287 primum
1085 3220 1185 3270 mutat

163 3343 249 3385 vers.
270 3318 371 3402 Lygd.
391 3318 445 3394 tlt,
466 3324 496 3396 5,
518 3318 651 3379 18..sic:

338 3432 420 3494 Cum
442 3431 532 3494 cessit
553 3431 619 3493 fato
641 3433 750 3493 consul
771 3442 903 3516 uterque
923 3435 1003 3515 pari,

163 3549 342 3629 intelligens
360 3566 479 3609 annum
500 3549 575 3607 671.
603 3546 643 3607 ub
670 3544 740 3606 urb.
762 3544 853 3607 cond.
876 3547 931 3608 ubi
955 3546 995 3611 L.
1019 3547 1184 3612 Cornelius

166 3661 271 3744 Scipio
293 3672 325 3724 et
345 3660 384 3724 C.
397 3659 507 3721 lunius
524 3658 695 3721 Norbanus
716 3658 917 3742 Coactique
939 3674 970 3723 et
992 3660 1071 3724 dolia
1089 3666 1129 3724 ab
1150 3665 1187 3728 G.

167 3772 315 3838 Cornelio
335 3774 426 3837 Sulla
447 3774 478 3835 in
502 3774 623 3837 ltaliam
643 3794 771 3835 reverso
794 3772 923 3839 devicti:
956 3774 1045 3837 illum
1066 3774 1184 3857 perfide

167 3883 340 3949 mutumne
361 3886 537 3948 exercitum
557 3886 721 3966 largitione
743 3900 939 3969 corruptum,
959 3889 1045 3950 hunc
1064 3892 1186 3971 proelio

168 3999 375 4081 profligatum.
417 4001 489 4063 Hae
518 4001 610 4080 igitur
636 4021 702 4063 esse
731 4003 830 4063 latum
858 4023 925 4083 par.
974 4001 1035 4065 Sed
1058 4025 1099 4065 ne
1126 4005 1187 4064 alin

169 4132 322 4197 opponam
334 4161 344 4195 ,
380 4127 525 4198 apertum
552 4131 596 4179 est
617 4136 647 4180 v.
662 4115 761 4195 futuru
782 4118 825 4177 sic
847 4129 877 4178 et
900 4118 934 4178 in
955 4117 1009 4178 tali
1028 4118 1187 4180 locutione
