3009 4725
304 423 392 467 cxxx
718 399 778 466 DE
797 397 918 468 Ponet

305 575 428 660 dapem.
471 575 537 638 lam
561 570 779 656 complectitur
805 573 882 640 baec
909 575 1048 655 generali
1073 577 1243 644 sentenia:
1274 578 1326 641 illa

303 703 391 773 regat
411 703 557 764 cunctos,
584 687 631 750 illi
656 689 720 751 sint
747 688 853 752 omnia
875 707 985 769 curae,
1014 704 1046 754 et
1073 693 1231 772 subiungit
1253 704 1327 754 tunc

302 807 448 870 ultimam
474 815 597 885 partem
630 821 756 866 rerumz
792 801 884 865 etiam
911 804 1041 886 hospitii
1067 805 1170 868 officia
1193 806 1326 887 pulchra

302 932 430 1003 peraget
445 919 548 996 Delia,
570 917 597 980 si
616 916 751 980 Messala
773 917 903 994 venerit,
925 930 956 981 et
971 920 1094 981 curabit
1112 922 1198 983 barne
1217 919 1326 984 sedulo

303 1044 335 1096 et
357 1033 465 1115 epulas
494 1042 632 1113 apponet
653 1040 683 1091 et
705 1050 799 1111 poma
822 1028 860 1092 de
884 1033 1050 1096 arboribus
1072 1030 1227 1098 detrahet.
1268 1036 1327 1098 Vi·

304 1146 359 1211 dee
382 1148 497 1210 iterum
517 1145 578 1208 tria
598 1158 757 1207 momenta
777 1165 836 1226 per
855 1145 1070 1226 gradationem
1092 1150 1209 1231 posita,
1230 1171 1326 1231 nego·

300 1263 345 1326 tia
370 1260 503 1336 rustica,
531 1278 635 1333 sacra,
666 1271 698 1320 et
726 1259 880 1322 amicitiae
909 1263 1018 1326 suavia
1043 1283 1185 1326 munera.
1231 1262 1324 1328 Addo

300 1373 429 1437 tertium
446 1371 642 1451 magnificum
661 1371 868 1450 tocum11,1,
887 1378 1002 1436 37-78.
1025 1372 1064 1437 de
1080 1374 1227 1438 laudibus
1248 1374 1324 1438 deo·

302 1509 373 1552 rum
395 1487 579 1568 agrestium,
610 1485 666 1568 qui
693 1488 857 1550 cultiorem
877 1489 974 1550 vitam
994 1489 1159 1552 bominum
1181 1489 1324 1550 institue·

209 1596 216 1606 ’
300 1615 385 1683 runt,
409 1602 466 1665 ubi
485 1612 550 1666 tres
569 1601 686 1681 amplae
703 1597 926 1683 descriptiones
945 1613 1075 1682 aposta
1094 1600 1216 1666 videbis
1238 1623 1325 1665 com·

299 1718 430 1800 positae.
472 1716 559 1779 Rure
581 1714 682 1796 victua
704 1715 816 1777 mellor
838 1712 1002 1794 inventus,
1023 1735 1099 1778 rure
1122 1730 1205 1782 artes
1226 1729 1325 1797 ortae,

299 1852 375 1896 rure
400 1830 493 1895 etiam
518 1831 669 1895 Amorem
690 1844 800 1893 natum
823 1830 955 1912 ecimus,
979 1831 1039 1908 ait,
1063 1833 1107 1895 sic
1127 1832 1245 1897 iterum
1263 1834 1326 1897 tria

298 1961 460 2013 momenta
485 1943 524 2009 ad
554 1968 651 2010 unam
682 1948 858 2012 absolutam
885 1946 989 2012 ideam
1012 1949 1095 2013 vitae
1124 1965 1324 2029 componens.

298 2059 382 2125 Sunt
407 2082 486 2128 vero
516 2061 590 2125 satis
621 2062 743 2140 amplae
764 2073 870 2141 partes
892 2061 975 2140 loci,
998 2071 1030 2120 et
1055 2057 1322 2121 considerabimus
1380 2081 1382 2084 ’

300 2175 393 2238 etiam
416 2176 608 2254 singularum
632 2172 899 2249 compositionem.
940 2169 1047 2231 Prima
1067 2191 1098 2231 v.
1114 2174 1230 2230 37-50.
1249 2181 1323 2250 post

296 2285 403 2346 thema
424 2280 595 2344 indicatum
619 2279 742 2341 orditur
770 2300 789 2339 a
815 2277 925 2359 primis
949 2279 1048 2340 initiis
1068 2279 1207 2341 cultioris
1228 2280 1321 2359 vitae,

298 2391 497 2458 emendatum
522 2392 640 2455 victum
667 2391 855 2473 praegressis
862 2434 871 2468 ,
903 2391 1150 2457 aedificationem
1178 2416 1321 2462 meatum

299 2509 370 2573 dico
396 2522 427 2574 et
457 2507 669 2571 domationem
698 2507 897 2587 animalium,
929 2522 997 2572 tum
1027 2509 1067 2573 ad
1094 2511 1195 2593 ipsam
1223 2512 1323 2577 victus
1435 2530 1441 2547 ·

299 2624 439 2690 melioris
467 2622 682 2687 inventionem
703 2624 821 2704 pergit,
850 2645 945 2706 quam
972 2645 1032 2706 per
1058 2623 1170 2705 gradus
1195 2627 1323 2691 exhibet

298 2739 423 2803 factam.
464 2738 605 2801 Primum
635 2738 720 2799 enim
747 2755 809 2818 pro
834 2737 947 2818 glande
975 2760 1073 2803 verna
1101 2730 1209 2803 narrat
1229 2762 1324 2823 poma

297 2853 466 2916 substituta
493 2864 524 2912 et
552 2850 640 2913 olera
669 2849 771 2926 boati,
805 2848 954 2934 additque
985 2853 1061 2916 cibis
1089 2856 1182 2918 etiam
1211 2869 1323 2937 potum

295 2966 461 3031 meliorem
492 2965 666 3027 inventum.
720 2961 805 3022 Tum
836 2964 1041 3045 exquisitiora
1072 2987 1188 3046 genera
1219 2971 1320 3034 victua

296 3080 475 3159 subiungit,
504 3095 619 3137 messes
644 3095 794 3139 arvorum
821 3089 853 3139 et
877 3076 971 3141 dulce
995 3083 1058 3143 mel
1079 3104 1184 3163 apum.
1233 3084 1321 3147 Haec

296 3196 400 3274 prima
426 3210 501 3272 pars
530 3202 588 3252 est.
640 3189 785 3254 Secunda
812 3214 842 3255 v.
864 3198 979 3258 51-66.
1009 3197 1158 3279 bipartita
1179 3196 1244 3261 duo
1266 3220 1318 3278 ge-

296 3324 375 3367 nera
395 3303 510 3365 artium
531 3303 708 3385 componit,
729 3309 863 3368 musicas
882 3320 913 3371 et
936 3331 1060 3389 aarum,
1083 3333 1165 3401 qnae
1186 3310 1225 3373 ad
1251 3314 1315 3374 cul·

295 3428 363 3480 tum
386 3428 418 3479 et
443 3420 752 3501 ornatum'corporis
771 3423 948 3504 pertinent,
975 3426 1190 3508 simpliciores.
1240 3428 1318 3489 Ter·

297 3529 342 3593 tia
365 3531 490 3593 Amoris
513 3533 578 3595 vim
609 3552 680 3595 cum
704 3534 886 3614 gradatione
910 3536 1074 3616 describit,
1105 3552 1198 3620 atque
1227 3537 1317 3601 initio

298 3647 382 3711 facto
400 3670 417 3709 a
432 3648 577 3728 gregibus
598 3649 750 3714 transitur
770 3652 810 3714 ad
826 3654 987 3719 hominess
1008 3651 1149 3735 videmus
1169 3665 1205 3714 ut
1219 3654 1319 3717 Amor

296 3762 444 3831 iuvenem
465 3762 505 3826 ad
533 3785 609 3846 opes
636 3766 807 3848 erogandas
829 3769 983 3851 impellat,
1009 3789 1116 3843 senem
1139 3771 1235 3833 verba
1259 3791 1320 3850 pu·

298 3874 402 3940 denda
423 3877 525 3941 dicere
552 3879 661 3942 iubeat
686 3881 725 3943 ad
751 3882 849 3944 limen
876 3882 991 3960 iratae,
1022 3858 1161 3965 puellam
1183 3882 1319 3966 denique

296 3989 438 4056 timidam
465 4006 562 4059 noctu
588 3980 788 4079 tenebrisque
817 3995 910 4077 ducat
939 3998 978 4060 ad
998 4000 1164 4089 iuvenem:
1197 4000 1318 4083 inquo

296 4110 464 4193 perspicua
483 4109 634 4190 gradatio.
684 4114 789 4192 Atque
813 4114 890 4174 baec
918 4125 964 4177 est
991 4124 1056 4175 tota
1079 4112 1133 4175 ille
1157 4112 1319 4193 magnifica
