3009 4725
478 401 894 479 assumemus.
1132 359 1187 486 ss'

174 597 236 671 ⁵0
253 622 327 694 ego,
349 618 429 668 eum
443 591 631 692 aspicerem
647 588 833 681 dominam,
854 617 957 692 quam
970 593 1105 672 fortiter
1115 597 1184 674 illie

250 730 433 802 versarem
460 721 575 796 valido
600 721 729 823 pingue
755 719 894 795 bidente
919 722 1030 799 solum

200 852 448 954 Agricolaeque
472 848 578 923 modo
603 875 743 925 curuum
766 868 914 925 sectarer
935 871 1103 946 aratrum,

250 985 344 1057 Dum
370 981 535 1078 subigunt
556 977 687 1054 steriles
712 1007 792 1052 arva
818 980 964 1055 serenda
987 981 1111 1060 boves!

207 1116 278 1186 Nee
304 1137 484 1212 quererer,
511 1108 605 1210 quod
630 1107 684 1183 sol
708 1108 852 1208 graciles
879 1131 1032 1187 exureret
1058 1133 1170 1214 artus,

166 1259 202 1314 10
259 1240 424 1314 Laederet
449 1255 481 1311 et
504 1254 639 1311 teneras
665 1236 802 1338 pustula
829 1257 929 1342 rupta
951 1270 1084 1319 manus.

204 1369 301 1444 Parit
326 1386 358 1443 et
378 1343 521 1443 ¹Admeti
547 1383 665 1441 tauros
689 1366 862 1442 formosus
884 1368 1029 1471 Apollo,

252 1501 323 1575 Nec
344 1498 477 1575 eithara
504 1495 662 1572 intonsae
687 1496 932 1599 profueruntue
957 1529 1093 1600 comae,

204 1631 276 1705 Nec
299 1630 412 1731 potuit
438 1657 539 1704 curas
564 1654 687 1702 sanare
713 1624 910 1702 salubribus
935 1628 1071 1706 herbis:

261 1757 438 1860 Quicquid
464 1775 535 1832 erat
557 1744 710 1833 medicae
732 1757 860 1832 vicerat
882 1760 963 1834 artis
991 1791 1096 1837 amor.

205 1888 283 1990 lpse
309 1888 394 1961 deus
421 1886 540 1963 solitus
566 1886 709 1963 stabulis
734 1885 900 1988 expellere
921 1918 1040 1967 vaccas

206 2109 250 2184 Et
274 2110 417 2185 miscere
443 2137 533 2183 novo
559 2107 717 2185 docuisse
745 2110 890 2211 coagula
913 2112 1019 2202 laete,

240 2241 384 2314 Lacteus
408 2256 442 2313 et
466 2239 591 2313 mixtus
614 2239 806 2339 obriguisse
832 2240 955 2345 liquor.

170 2371 300 2449 15Tum
322 2368 450 2445 fiscella
477 2367 541 2442 levi
568 2368 700 2444 detexta
726 2389 778 2446 est
798 2372 924 2450 vimine
949 2374 1060 2465 iunci,

259 2500 417 2599 Raraque
443 2526 506 2600 per
531 2525 638 2575 nexus
659 2517 711 2575 est
736 2501 792 2575 uia
812 2502 903 2585 faeta
927 2532 1014 2579 sero.

211 2627 245 2699 O
273 2617 430 2727 quotiens
455 2627 513 2701 illo
537 2626 679 2703 vitulum
702 2646 859 2728 gestante
884 2659 947 2731 per
973 2661 1075 2731 agros
1186 2724 1192 2736 ι

260 2757 398 2831 Dicitur
423 2786 603 2835 occurrens
630 2758 809 2835 erubuisse
832 2760 948 2832 soror!
973 2830 985 2847 a·

212 2885 244 2960 0
269 2886 425 2989 quotiens
453 2870 574 2977 ausae,
611 2886 746 2962 caneret
770 2886 853 2962 dum
879 2884 964 2961 valle
990 2885 1055 2959 sub
1081 2884 1163 2973 alta,

100 3064 108 3075 -
169 3037 208 3091 20
264 3020 437 3119 Rumpere
463 3017 598 3116 mugitu
624 3006 777 3093 earmina
803 3018 903 3093 docta
929 3017 1051 3090 boves!

215 3149 323 3249 Saepe
346 3146 450 3222 duces
477 3148 621 3249 trepidis
644 3149 771 3250 petiere
798 3146 937 3223 oracula
957 3146 1079 3235 rebus,

261 3279 364 3353 Venit
387 3294 419 3353 et
443 3307 462 3352 a
485 3278 621 3380 templis
645 3278 742 3354 irrita
765 3279 866 3352 turba
892 3277 1051 3350 domum:

243 3515 313 3569 tto.
339 3515 411 3570 Male
438 3519 482 3572 elit
503 3516 628 3572 dum.·-
664 3518 857 3587 aspicerem
882 3512 1060 3568 dominnm.
1105 3510 1193 3579 Vulgo

171 3613 273 3665 inserto
292 3620 400 3667 auctore
417 3615 550 3667 donuinam
568 3615 738 3684 adspicerem.

241 3727 275 3781 V.
286 3732 330 3781 1ο.
354 3737 397 3782 et.
433 3730 523 3797 Vulgo
541 3738 592 3782 aut
614 3730 675 3783 inde
694 3730 727 3782 nb
747 3731 826 3781 suno
845 3730 979 3782 1511-
1019 3728 1097 3782 Post
1111 3729 1191 3780 ι14.

172 3824 251 3889 vulgo
269 3827 425 3879 omittuntur
445 3824 471 3879 bi
491 3834 560 3881 tres:
588 3828 668 3895 lpse
691 3828 775 3879 deus
798 3833 865 3890 eet,
889 3824 931 3878 Et
954 3827 1192 3889 mIseeresqq„

171 3920 320 3976 Lacteus
337 3941 394 3992 sqq.
408 3953 446 3965 -
482 3926 514 3979 V.
527 3931 568 3980 19.
588 3925 675 3991 dum,
692 3930 773 3977 reete.
811 3924 890 3982 Quod
905 3922 1052 3987 Humor,
1068 3920 1193 3985 Vossius,

171 4016 295 4072 Bsenrus
327 4024 508 4091 praetulerunt
542 4041 645 4095 quum,
682 4028 835 4092 spreverunt
866 4029 939 4078 reete
963 4036 1030 4092 ,eum
1059 4020 1104 4073 sur
1135 4025 1189 4072 turn

170 4114 339 4172 Husoutrus.
1118 4126 1168 4195 0²
