3009 4725
3 1139 18 1170 b

5 2476 9 2507 i

475 411 506 481 T
507 409 660 481 lBULLI
694 409 779 482 ΠΒ.
799 410 823 482 Ι.
842 426 870 482 3.

147 573 153 588 ⁹
205 603 254 674 Ut
274 625 350 672 mea
374 596 503 670 votivas
528 592 725 696 persolvens
750 594 850 670 Delia
870 624 969 672 voces

164 752 202 807 30
256 736 349 805 Ante
374 757 491 804 sacras
515 727 586 804 lino
607 743 695 800 tecta
718 726 810 802 sores
834 729 951 803 sedeat

186 862 330 962 'Bisque
357 859 414 933 die
438 856 587 931 resoluta
614 884 728 930 comas
755 857 818 931 tibi
844 858 957 933 dicere
981 857 1100 934 laudes

258 989 409 1087 Insignis
433 986 535 1061 turba
563 985 686 1059 debeat
708 985 745 1059 in
769 986 904 1061 Pharia.

209 1120 257 1193 At
283 1118 368 1192 mibi
393 1117 567 1214 contingat
591 1115 720 1215 patrios
747 1116 917 1191 celebrare
942 1118 1086 1193 Penates

262 1247 486 1348 Reddereque
507 1245 650 1344 antiquo
675 1262 849 1319 menstrua
871 1265 948 1321 tura
969 1249 1059 1322 Lari.

169 1377 327 1476 &Quam
351 1380 440 1452 bene
461 1377 612 1451 Saturno
638 1374 795 1448 vivebant
817 1404 896 1474 rege
919 1378 1017 1477 prius
1039 1408 1140 1481 quam

263 1507 380 1582 Tellus
401 1507 438 1580 in
466 1505 589 1604 longas
616 1521 667 1578 est
691 1504 860 1604 patefacta
884 1505 974 1581 vias!

217 1636 381 1712 Nondum
407 1633 580 1709 caeruleas
604 1633 708 1734 pinus
731 1652 979 1735 contempserat
1003 1638 1134 1727 undas,

265 1765 427 1838 Effusum
453 1764 560 1838 ventis
585 1763 856 1865 praebueratque
884 1764 1031 1855 sinunt,¹

219 1895 289 1968 Nee
315 1921 422 1991 vagus
446 1893 570 1992 ignotis
595 1911 752 1996 repetens
776 1894 969 1992 conpendia
995 1894 1093 1968 terris

174 2038 212 2096 4ο
276 2024 452 2098 Presserat
476 2040 611 2098 externa
634 2021 747 2098 navita
772 2050 884 2097 merce
909 2040 1025 2096 ratem.

216 2153 280 2228 Illo
305 2182 376 2227 non
402 2152 535 2227 validus
561 2153 667 2227 subiit
687 2153 769 2252 iuga
794 2170 947 2251 tempore
976 2171 1110 2242 taurus,

264 2286 343 2359 Non
366 2283 496 2357 domito
523 2283 660 2357 fraenos
686 2312 745 2357 ore
772 2284 957 2358 momordit
982 2311 1107 2386 equus,

213 2418 291 2490 Non
314 2415 437 2490 domus
463 2413 534 2487 ulla
554 2414 645 2488 fores
671 2415 802 2505 babuit,
823 2446 894 2491 non
920 2415 1007 2491 fixus
1027 2417 1062 2489 in
1090 2415 1194 2514 agris,

276 2545 347 2642 Qui
372 2562 504 2643 regeret
526 2544 626 2618 certis
649 2543 778 2619 finibus
804 2574 902 2634 arva,
934 2545 1030 2647 lapis.

179 2675 321 2775 tolpsae
343 2672 441 2747 mella
466 2673 596 2747 dabant
621 2701 787 2776 quercum
821 2673 978 2773 ultroque
998 2674 1153 2749 ferebant

275 2802 387 2877 Obvia
408 2803 536 2877 securis
562 2802 670 2876 ubera
691 2800 788 2876 lactis
814 2829 901 2876 oves.

222 2935 301 3010 Non
329 2933 435 3023 acies,
468 2962 540 3006 nou
566 2932 618 3006 ira
641 2932 724 3022 fuir,
761 2960 831 3006 non
854 2929 962 3019 bella,
992 2955 1055 3002 nec
1081 2954 1195 2999 ensem

269 3061 386 3136 Inmiti
406 3089 526 3136 saevus
551 3060 693 3136 duxerat
719 3079 789 3135 arte
813 3060 920 3135 faber.

219 3195 320 3269 Nunc
345 3195 422 3266 love
444 3192 509 3266 sub
534 3192 676 3266 domino
691 3192 812 3267 caedes
836 3209 868 3265 et
890 3188 1028 3263 vulnera
1054 3213 1198 3286 semper,

181 3341 220 3397 50
275 3324 375 3397 Nune
399 3349 512 3411 mare,
545 3352 638 3397 nunc
664 3321 721 3395 leti
746 3320 838 3395 mille
861 3335 999 3420 repente
1025 3316 1108 3394 viae.

220 3451 347 3541 Parce,
371 3469 477 3552 pater.
503 3450 659 3524 timidum
685 3480 756 3524 non
782 3478 836 3523 me
863 3448 1012 3550 periuria
1038 3465 1174 3535 terrent,

164 3598 167 3607 '
272 3582 350 3654 Non
374 3580 464 3654 dieta
488 3580 523 3654 in
551 3598 685 3654 sanctos
713 3580 817 3681 inrpia
843 3578 945 3653 verba
974 3574 1064 3651 deos.

153 3858 163 3869 ν
256 3828 342 3886 VM.
369 3832 464 3886 Obiter
487 3841 549 3887 noto
576 3849 679 3903 pravam
707 3835 842 3887 lectionem
869 3853 960 3897 enses3
995 3833 1037 3885 obt
1066 3831 1132 3881 euim
1159 3824 1225 3880 res'

182 3940 231 3993 per
247 3942 276 3979 ae
294 3935 443 3997 spectatur,
466 3932 605 3998 singularis
623 3932 770 4000 ponendus,
795 3932 828 3986 et
847 3932 880 3984 ad
898 3932 920 3996 Ι,
939 3937 965 3997 8,
982 3934 1026 3982 66.
1042 3956 1079 3967 -
1116 3927 1148 3979 V.
1158 3928 1201 3979 49.

181 4025 307 4080 caedes
331 4034 366 4081 et
388 4031 531 4082 vulnera
554 4030 619 4081 ttbrt.
656 4032 714 4082 tuti
736 4049 807 4082 raunc
825 4047 863 4099 pr.
882 4040 924 4093 et,
944 4030 1027 4094 mate,
1048 4025 1202 4081 defendente

184 4124 247 4176 ticet
264 4124 420 4180 Hueonuto.
457 4130 525 4180 Sunt
540 4128 589 4178 tria
604 4128 718 4180 membra
737 4129 762 4179 in
784 4134 840 4179 toto
858 4125 976 4178 disticho.
