3009 4725
470 421 656 498 TIBULLI
691 419 777 494 LIB.
797 425 821 496 1.
842 440 869 497 s.
1131 429 1182 500 29

196 620 325 694 Cantus
351 631 386 688 et
411 639 430 687 e
459 637 562 686 curru
587 611 721 684 Lunam
748 607 919 683 deducere
945 626 1066 702 tentat,

245 747 290 821 Et
311 744 459 831 faceret,
494 741 620 815 sinon
647 766 725 813 aera
752 737 891 840 repulsa
912 757 1045 814 sonent

191 871 501 978 Quidquerorheu
512 871 782 946 miserocarmen
791 872 1209 975 nocuisse‚quidherbus?

250 1007 375 1078 Forma
400 1000 489 1076 nihil
511 999 655 1098 magicis
681 1000 790 1074 utitur
812 997 963 1074 auxiliis:

159 1132 276 1210 258ed
299 1159 424 1233 corpus
447 1129 594 1229 tetigisse
621 1147 736 1219 nocet,
763 1128 824 1203 sed
850 1127 1114 1227 longa·dedisse

253 1260 399 1349 Oscula,
432 1259 493 1335 sed
518 1258 642 1333 femori
668 1258 880 1334 conseruisse
906 1257 1027 1332 femur.

200 1394 273 1466 Nec
298 1409 336 1465 tu
363 1387 516 1464 difficilis
543 1415 653 1490 puero
678 1404 792 1464 tamen
818 1414 890 1462 esse
917 1403 1086 1462 memento

246 1520 485 1622 (Persequitur
508 1517 631 1620 poenis
656 1517 766 1592 tristia
791 1516 880 1592 sacta
905 1516 1058 1617 Venus),

198 1651 345 1728 Munera
369 1678 433 1724 nec
459 1676 601 1750 poscas:
640 1646 697 1722 det
722 1675 863 1724 munere
886 1676 992 1723 cauus
1019 1666 1167 1739 amator,

157 1797 195 1852 ³0
252 1781 301 1853 Ut
319 1778 433 1854 foveas
458 1776 553 1852 mulli
578 1776 708 1877 frigida
730 1777 884 1853 membra
910 1776 998 1852 sinu.

204 1907 326 1982 Carior
350 1924 402 1981 est
425 1935 510 1982 nuru
536 1906 686 1996 iuvenis,
719 1907 775 1982 cui
802 1906 887 1981 levia
913 1905 1045 2005 fulgent

248 2034 319 2111 Ora
341 2063 406 2111 nec
434 2034 606 2137 amplexus
633 2064 755 2138 aspera
780 2034 890 2111 barba
914 2034 1001 2107 terit.

194 2164 283 2240 Huic
305 2184 342 2240 tu
368 2165 553 2241 candentes
579 2165 723 2241 humero
749 2191 906 2269 suppone
930 2163 1094 2253 lacertos,

245 2295 289 2370 Et
311 2322 432 2396 regum
459 2321 604 2395 magnae
631 2295 865 2400 despiciantur
889 2328 981 2405 opes.

157 2424 248 2500 ‘stit
270 2431 388 2501 Venus
410 2426 542 2501 invenit
565 2454 674 2528 puero
700 2429 922 2507 succumbere
942 2433 1077 2526 furtim,

246 2555 338 2628 Dum
362 2555 458 2631 timet
481 2572 515 2629 et
539 2573 675 2632 teneros
701 2558 850 2633 conserit
875 2589 984 2663 usque
1009 2566 1125 2656 sinus,

199 2682 244 2755 Et
269 2682 352 2757 dure
378 2683 548 2759 anhelanti
574 2685 811 2786 pugnantibus
836 2687 979 2765 humida
1005 2691 1132 2791 linguis

244 2811 375 2887 Oscula
401 2830 435 2887 et
458 2813 495 2886 in
516 2812 605 2888 collo
631 2812 736 2913 figere
761 2814 862 2889 dente
886 2833 994 2891 nutas.

194 2943 273 3017 Non
287 2942 374 3044 lapis
386 2942 475 3017 hanc
489 2970 710 3044 gemmaeque
723 2944 850 3035 iuvant,
861 2972 947 3047 quae
961 2943 1090 3047 frigore
1103 2944 1175 3018 sula

151 3086 192 3146 ⁴0
247 3072 405 3147 Domsiat
427 3089 461 3147 et
486 3071 572 3146 nulli
595 3073 641 3147 sit
662 3072 832 3174 cupienda
855 3073 937 3147 viro.
1009 3132 1012 3139 .

196 3201 271 3275 fleu
296 3230 373 3277 sero
399 3218 579 3277 revocetur
604 3230 701 3277 amur
722 3229 867 3305 seroque
892 3202 1046 3292 iuventa,

251 3330 336 3404 Cum
361 3348 458 3406 vetus
483 3330 602 3406 infecit
626 3357 713 3406 euna
739 3349 874 3408 senecta
895 3347 1006 3433 caput

224 3593 312 3646 Ut.
336 3609 398 3649 uec
420 3595 503 3661 bene,
527 3603 651 3651 mouente
667 3598 746 3651 etium
764 3594 872 3651 Vomo.
908 3593 960 3647 Alii
977 3591 1039 3646 boui
1057 3589 1115 3644 tibet
1132 3606 1175 3641 ne.

224 3717 314 3774 Ut.
339 3720 487 3777 invenit.
531 3721 619 3788 Vulgo
643 3721 762 3773 inveniet
789 3720 822 3774 de
848 3720 997 3774 contectura
1020 3719 1176 3772 &susm

150 3813 259 3882 optime.
280 3843 316 3855 -
361 3817 452 3871 vus.
480 3818 575 3874 Lectio
601 3820 716 3886 timet,
752 3825 838 3873 temen
865 3818 991 3887 probatur
1015 3817 1072 3868 ture
1094 3815 1176 3879 ,vulgo

149 3921 238 3963 tumet
256 3913 290 3968 ds
307 3915 459 3969 cuetmturu
476 3919 640 3972 sunem.

222 4039 255 4093 V.
265 4044 309 4094 ³9.
328 4042 452 4094 iuvent
472 4058 542 4096 vere.
580 4043 666 4111 Vulgo
683 4042 775 4095 iuvem
795 4040 828 4095 ds
848 4040 997 4094 contectura
1013 4037 1177 4093 Semoni.

147 4137 207 4190 Res
225 4136 317 4191 eudem
337 4138 502 4204 111‚u‚us.
