3009 4725
552 429 737 496 TIBULLI.
1105 468 1157 508 xm

131 630 196 693 quo
225 626 395 692 utinquam
421 624 488 666 non
512 581 792 684 'argumentantis
816 608 1057 694 consideranda3
1086 638 1159 680 nam

132 738 167 787 ut
193 748 225 789 v.
247 747 277 786 c.
302 724 414 785 thema
444 719 529 783 aliud
555 722 649 783 habet
679 722 797 783 erotica
828 724 940 805 elegia,
971 726 1055 792 aliud
1079 731 1159 794 festo

133 839 278 918 religioso
300 858 384 921 qnae
404 836 524 917 scripta
546 832 751 914 celebrando,
778 837 821 899 sic
843 839 938 902 etiem
959 840 1070 934 divisio
1091 844 1161 906 the·

137 953 228 1012 matis
247 954 413 1013 observare
428 948 523 1033 debet
537 947 716 1014 discrimina
733 970 852 1012 rerum.
893 954 998 1036 Atque
1016 956 1050 1016 in
1065 953 1159 1017 Com.

142 1063 304 1126 mentariis
324 1064 437 1126 nostris
462 1063 657 1126 introductio
682 1066 827 1128 carminis
851 1067 1002 1152 cuiusque
1023 1071 1161 1153 primum

145 1176 183 1239 de
206 1191 287 1241 statu
309 1200 414 1243 rerum
439 1179 607 1260 (Situobbn)
636 1181 784 1262 exponit,
814 1195 882 1244 tum
904 1187 1163 1267 compositionem

141 1296 288 1377 explicat.
329 1295 391 1359 Sed
411 1296 576 1359 veniamus
604 1292 644 1356 ad
665 1316 750 1371 rem,
780 1308 903 1359 etcum
925 1297 1088 1382 dispositio
1110 1323 1161 1364 ar·

138 1409 277 1488 guntcmi
299 1413 437 1492 apertior
457 1411 491 1474 in
513 1413 691 1475 minoribus
714 1413 754 1473 sit
776 1414 894 1492 elcgiis‘,
918 1415 1043 1478 initium
1065 1418 1160 1480 facie·

137 1543 206 1585 mus
227 1525 266 1586 ab
287 1526 351 1603 his,
374 1530 576 1608 progressuri
596 1525 710 1590 deinde
728 1525 767 1589 ad
785 1530 937 1590 maiorum
962 1533 1161 1613 compositio-

140 1659 218 1699 num
245 1641 517 1720 explicationem·
546 1640 629 1704 Sunt
657 1662 735 1706 vero
763 1642 814 1704 hic
841 1643 982 1706 natalitia
1008 1648 1161 1709 nonnulla

140 1751 346 1831 perpulchra,
373 1753 458 1816 unde
479 1752 642 1818 commode
662 1753 905 1835 proficiscemur.

209 1865 308 1943 igitur
337 1866 365 1926 si
393 1869 489 1927 uteris
520 1867 712 1930 solemnibus
745 1870 892 1931 natalitiis
927 1866 967 1930 ad
1003 1868 1160 1933 faciendas

140 1976 282 2038 carmine
309 1997 420 2059 preces
446 1990 477 2040 et
499 1992 571 2043 sota
591 2002 653 2063 pro
680 1982 828 2043 felicitate
856 1994 912 2042 tua
940 1994 994 2043 aut
1018 1983 1161 2061 aliorum,

137 2114 200 2175 pro
223 2079 331 2158 amors
359 2095 412 2160 rel
436 2096 571 2175 coniugii
597 2097 781 2175 stabilitate,
812 2118 872 2179 pro
900 2099 994 2160 rebus
1019 2095 1162 2176 gerendis

139 2209 171 2271 et
196 2230 278 2291 quae
305 2223 380 2273 sunt
406 2210 483 2288 alia,
513 2210 590 2296 quid
614 2212 726 2273 melius
748 2232 820 2291 agas
843 2233 937 2294 quam
965 2223 1001 2273 ut
1021 2212 1162 2294 sequaris

138 2327 297 2390 naturales
310 2337 399 2391 actus
414 2321 511 2389 festi?
553 2326 695 2390 Exordio
712 2328 908 2391 nuntiabitur
924 2328 1048 2406 loetum,
1069 2348 1163 2409 prae·

138 2440 301 2521 parabitur
316 2441 512 2520 sacrificium,
529 2442 696 2506 vocabitur
709 2442 828 2506 Genius
843 2441 884 2507 ad
898 2442 982 2506 dona
995 2439 1160 2524 capienda3

138 2552 279 2618 medium
299 2577 426 2619 carmen
446 2576 557 2637 preces
583 2558 666 2638 ipsas
694 2557 822 2620 habebit
846 2579 906 2639 pro
933 2578 970 2620 eo
998 2555 1084 2641 quod
1107 2578 1162 2619 cx·

137 2671 238 2750 petis,
267 2670 367 2733 exitus
390 2684 495 2734 autem
519 2685 667 2736 eventum
689 2692 820 2755 precum
846 2674 985 2735 faustum
1008 2672 1161 2752 tractabit,

138 2802 229 2844 nunc
249 2785 381 2863 repetita
399 2786 599 2849 invocatIone
621 2784 689 2864 dei,
717 2798 754 2847 ut
774 2794 842 2846 rata
862 2782 939 2845 fiant
958 2798 1050 2861 rota,
1078 2806 1162 2846 nunc

137 2897 251 2961 omine
279 2919 320 2960 ex
348 2899 494 2965 sacrificio
526 2913 633 2982 capto,
674 2897 760 2963 unde
788 2918 858 2980 spes
893 2896 1039 2974 effulgeat
1068 2897 1164 2972 bona,

137 3034 227 3075 nunc
249 3013 341 3076 aliter
365 3017 562 3080 conformata
585 3017 619 3078 in
645 3018 731 3078 hunc
751 3015 846 3078 finem
868 3011 977 3074 ultima
1002 3006 1165 3071 sententia.

138 3124 189 3187 Sic
210 3125 387 3190 indictione
411 3129 499 3206 festi,
530 3131 727 3212 precatione,
758 3142 886 3193 eventus
912 3147 968 3207 spe
989 3123 1087 3187 felicis
1109 3124 1165 3187 ab·

138 3241 276 3303 solvitur
296 3242 358 3302 rite
380 3254 494 3305 totum.
535 3228 608 3306 lam'
622 3243 696 3308 vide
718 3245 870 3324 exempla.
911 3243 950 3303 In
968 3241 1064 3321 elegia
1079 3240 1118 3315 ll,
1133 3246 1165 3303 2.

138 3354 260 3435 scripta
277 3353 313 3416 in
334 3356 446 3437 primis
466 3370 539 3437 post
560 3359 685 3438 nuptias
706 3357 854 3418 natalitiis
877 3353 1035 3431 Cerintbi,
1062 3366 1099 3414 ut
1118 3353 1184 3415 tir

138 3466 254 3544 detur,
289 3471 350 3533 boc
379 3474 481 3551 agitur
511 3485 547 3534 ut
581 3474 657 3534 felix
685 3476 726 3536 sit
753 3471 940 3551 coniugium.
997 3471 1102 3553 Atque
1130 3468 1165 3529 in

138 3585 274 3650 exordio
303 3585 454 3650 indicitur
481 3610 605 3652 sacrum
632 3602 662 3651 et
684 3601 815 3652 vocatur
837 3587 973 3663 Genius,
1001 3585 1035 3647 in
1060 3581 1165 3647 medio

139 3700 281 3761 carmine
301 3712 379 3764 vota
403 3704 508 3764 mariti
528 3714 702 3764 tractantur
721 3723 781 3783 pro
802 3700 866 3764 fido
888 3721 995 3764 amore
1017 3700 1165 3776 coniugis,

141 3814 244 3877 exime
274 3811 413 3897 denique
441 3830 508 3879 rata
537 3818 615 3879 haec
643 3830 718 3883 vota
745 3817 815 3880 iore
844 3815 979 3878 affirmat
1000 3835 1040 3875 ex
1063 3810 1166 3874 omine

141 3926 256 3991 fausto.
299 3928 406 3992 Sentis
433 3932 528 4011 igitur
554 3928 667 3993 deduci
695 3930 836 3993 animiam
858 3950 917 4012 per
938 3928 999 3989 tria
1019 3922 1167 3987 continua

143 4053 312 4119 momenta,
335 4063 474 4126 quorum
495 4044 720 4126 compositione
736 4046 867 4127 ptilcbre
888 4041 1040 4104 efficiatur
1056 4048 1167 4102 totum.

145 4150 218 4213 Non
239 4159 376 4221 mulmm
397 4155 505 4222 differt
524 4159 606 4222 ratio
627 4160 771 4223 carminis
791 4160 847 4233 lv,
865 4164 911 4231 6.,
942 4154 1028 4239 quod
1049 4152 1088 4217 ad
1114 4156 1168 4217 lu·
