3009 4725
335 386 385 462 98
587 388 772 460 TlBllLLl
806 389 890 459 LIB.
913 389 966 460 lV.
991 398 1032 457 14.
1056 405 1098 459 15.

392 575 487 645 Latet
512 574 642 648 iacente
666 574 801 674 pantice
829 574 965 647 abditus
988 602 1108 675 specus

394 705 556 801 vagaque
582 699 669 802 pelle
697 720 803 776 tectus
832 732 946 776 annuo
973 704 1049 800 gelu

351 832 592 905 30Araueosus
619 832 753 906 obsidet
776 834 867 908 sores
894 833 986 905 situs.

389 960 468 1033 Tibi
490 961 759 1062 haeepnratur,
790 980 827 1035 ut
853 980 946 1035 tuum
973 977 1024 1031 ter
1050 976 1108 1032 aut
1134 978 1253 1062 quater

386 1093 491 1162 Voret
513 1091 687 1191 profunda
712 1091 804 1163 fossa
830 1088 999 1161 lubricum
1026 1107 1137 1189 eaput.

388 1218 520 1291 Licebit
546 1247 646 1316 aeger
671 1245 780 1315 augue
803 1216 926 1290 lentior
952 1217 1073 1306 cubes,

385 1349 520 1420 'fereris
543 1374 670 1447 usque,
705 1345 814 1420 donec
838 1346 882 1418 ab
906 1346 1009 1418 miser
1029 1347 1134 1419 miser

345 1475 594 1575 35Triplexque
621 1474 902 1577 quadruplexque
928 1472 1099 1575 compleas
1125 1503 1273 1574 specum.

388 1605 557 1706 Superbia
584 1605 645 1678 ista
673 1604 827 1705 proderit
852 1604 956 1693 nihil,
990 1604 1091 1678 simul

383 1738 516 1832 Vaguur
544 1753 685 1808 sonante
711 1733 869 1807 merseris
897 1752 1000 1834 eaput
1024 1732 1104 1806 luto.

385 1863 481 1960 Quid
507 1883 574 1953 est,
608 1863 724 1937 iners?
761 1864 899 1964 pigetue
920 1863 1158 1936 lentitudinis?

381 1994 512 2067 Licebit
539 1994 604 2067 boc
627 1990 755 2066 inultus
780 1994 915 2066 auferas
943 1992 1062 2066 semel:

340 2122 455 2196 tosed
480 2121 534 2193 ille
562 2149 637 2195 curn
660 2119 786 2195 redibit
813 2147 934 2197 aureus
957 2149 1058 2220 puer,

381 2249 490 2324 Simul
514 2268 655 2322 sonante
680 2251 826 2324 senseris
852 2251 916 2322 iter
941 2246 1043 2345 pede,

380 2379 524 2475 Rigente
551 2407 673 2454 nervus
700 2381 839 2453 excubet
864 2373 1017 2449 lubidine

380 2507 424 2580 Et
449 2506 619 2608 inquietus
645 2507 785 2604 inguina
808 2504 935 2602 arrigat
956 2520 1070 2577 tumor

377 2636 495 2737 Neque
520 2638 660 2710 incitare
686 2652 793 2709 cesset
817 2632 1031 2735 usquedum
1057 2630 1142 2705 mihi

340 2770 498 2840 45Veuus
524 2768 636 2840 iocosa
659 2764 760 2840 molle
787 2765 917 2865 ruperit
940 2761 1038 2836 latus.

546 3092 829 3171 ΒΟΜΙΤΙΙ
877 3093 1105 3171 MARSI.

624 3281 908 3347 susurru
958 3285 1032 3348 xv.

353 3400 429 3540 Te
451 3494 587 3568 quoque
603 3467 747 3567 Virgilio
774 3471 930 3544 comitem
950 3496 1021 3541 non
1048 3495 1165 3565 aequa,
1190 3465 1334 3554 Tibulle,

407 3596 503 3668 Mors
528 3598 682 3670 iuvenem
709 3627 847 3700 campos
872 3598 962 3671 misit
988 3595 1033 3668 ad
1057 3594 1210 3698 Elysios,

357 3725 408 3796 Ne
434 3722 539 3812 foret,
575 3743 634 3799 aut
659 3725 762 3829 elegis
786 3725 905 3800 molles
929 3725 987 3828 qui
1007 3726 1105 3801 {leret
1128 3756 1260 3802 umores

408 3851 479 3927 Aut
502 3873 638 3932 caneret
660 3857 740 3930 forti
767 3856 861 3958 regia
885 3856 976 3933 belle
1000 3859 1099 3962 pede.

650 4050 991 4085 --·-=---
