3009 4725
527 274 637 337 ΗΒΚ
659 276 699 337 ll.
741 274 864 340 ELEG.
885 277 926 339 V.
1169 288 1231 344 293

207 457 227 507 l.
245 453 289 507 cit
327 451 453 505 celem
471 447 548 500 etiam
567 461 657 500 rerum
675 445 806 499 delectum
823 448 886 500 solis
912 462 944 501 eo
962 463 1030 500 auno
1050 448 1130 503 luisse
1148 456 1228 503 testa·

208 558 265 618 tur,
291 550 421 605 referente
439 548 686 614 Wuuonanrcmo,
714 548 844 601 Collectin
861 549 932 602 labb.
950 555 1090 603 astronom.
1109 550 1228 617 (Samna-

207 651 276 721 lung
285 649 443 704 Aaronom.
460 646 573 718 Tosale)
595 646 683 699 Rerol
701 648 734 700 T.
750 645 785 697 ll.
804 664 829 715 p.
847 651 906 702 122.
942 648 1080 702 Postremo
1099 649 1132 701 ad
1150 648 1227 702 verba

207 747 341 818 desectum
359 746 460 798 lumine
478 746 546 801 cotis.
569 747 651 798 Ovio·
667 745 733 797 Met.
751 744 787 809 Χ,
806 749 875 799 1942
894 745 1003 818 desecta
1022 747 1110 818 vigore
1129 746 1226 801 cervix.

206 845 324 899 Observa
345 846 424 900 etlam
444 846 625 915 pallentes
650 861 759 912 equos
783 847 881 915 pallore
905 848 984 914 solia,
1011 847 1226 915 quemadmodum

205 944 386 998 Puneuu'rtua
403 944 452 1011 lu,
468 948 495 1010 b,
513 948 565 997 aas
586 952 695 995 aeratos
712 944 788 1010 dixit,
805 944 875 998 Solia
892 956 920 998 et
939 948 1041 999 aratis
1058 947 1159 1000 luxerit
1179 967 1224 1000 nr·

207 1043 247 1097 bia
261 1044 345 1117 equis.
357 1074 393 1087 -
410 1046 517 1114 Pergit:
535 1044 578 1097 Et
596 1045 781 1099 simulacra
799 1044 893 1099 deam
907 1053 958 1100 etc.
993 1048 1172 1118 Supplendnm
1187 1064 1221 1102 ex

205 1145 417 1200 antecedentibus
434 1160 542 1200 annns
561 1144 664 1209 vidit,
689 1144 756 1197 bene
774 1150 896 1198 monente
913 1146 1012 1199 Voasrn
1031 1154 1060 1200 et
1077 1148 1221 1202 worman-

205 1259 315 1310 areum,
343 1260 410 1312 quaa
436 1243 597 1299 continuatio
624 1244 827 1298 constructionis
849 1259 902 1298 non
929 1251 1002 1299 caret
1028 1246 1118 1313 uigore
1142 1249 1220 1312 iusto,

203 1358 262 1396 euna
285 1344 394 1411 cingulis
416 1344 534 1397 versibus
553 1342 703 1395 absolvatur
725 1343 854 1395 sententia
879 1344 1085 1411 necquidquam
1103 1343 1143 1396 hic
1161 1344 1220 1397 diu-

204 1443 257 1496 tius
284 1444 396 1511 pendeat
422 1445 613 1514 Imperfectum.
668 1444 717 1496 Eat
745 1443 827 1509 igitur
855 1443 988 1498 indisso
1015 1453 1042 1499 et
1070 1461 1221 1515 praemo-

203 1542 324 1596 nuisse
347 1549 410 1598 noto
427 1559 476 1597 usn
499 1540 684 1614 profundere
707 1547 735 1594 et
756 1558 936 1610 praemisere.
971 1542 1065 1612 Neque
1083 1545 1145 1596 illud
1163 1545 1221 1598 iure

203 1640 327 1707 obiicias,
351 1650 411 1713 post
431 1643 563 1699 delectum
580 1644 644 1699 eolis
662 1646 763 1698 minora
780 1643 900 1712 prodigia
916 1651 1131 1709 commemorata,
1160 1661 1218 1699 cnm

203 1740 377 1798 uisuasimmu
402 1751 533 1800 ostentum
559 1745 638 1800 inerit
666 1746 811 1799 lacrimatio
838 1745 944 1799 deorum
972 1752 999 1797 et
1026 1746 1074 1798 boa
1102 1746 1219 1812 loquens,

202 1840 356 1895 observante
380 1844 473 1897 eodem
499 1846 612 1911 vossio,
641 1851 669 1897 ut
695 1849 768 1897 recte
793 1842 832 1895 hia
859 1844 936 1897 rebus
962 1843 1110 1896 absolvatur
1136 1844 1218 1898 locus.

202 1940 334 1995 Addamus
360 1944 466 1997 verbum
492 1942 527 1997 de
551 1943 668 2009 eloquiis.
709 1942 888 1996 Lacrimae
914 1948 1088 2010 tepentes,
1115 1935 1217 2010 δάκρυα

199 2038 302 2112 θερμά,
332 2061 390 2099 cum
413 2047 504 2100 flerent
530 2050 558 2099 et
581 2044 706 2100 sudarent
723 2044 799 2113 signa
821 2045 929 2100 deorum
953 2046 1065 2098 eburnea
1091 2051 1118 2098 et
1139 2058 1217 2097 aerea
1296 2053 1304 2066 ⁴

199 2139 304 2198 humido
328 2161 376 2215 per
403 2147 482 2200 iatum
509 2161 603 2201 annum
632 2149 703 2202 aire.
747 2146 821 2202 Idem
849 2147 996 2217 prodigium
1028 2144 1107 2200 luben
1132 2147 1216 2200 Vrau.

199 2243 299 2310 Georp.
319 2244 339 2308 l,
357 2247 419 2297 480.
450 2247 531 2298 Omn-
550 2246 616 2298 Met
635 2245 696 2312 XV,
713 2250 779 2300 792.
803 2246 910 2303 Lunum.
929 2248 952 2313 l,
969 2251 1033 2300 bbd.
1051 2274 1087 2285 -
1118 2261 1215 2300 voca-

199 2343 252 2397 les
278 2345 381 2400 boves
405 2354 482 2402 sunta
503 2345 616 2401 humana
633 2362 699 2402 voce
716 2349 827 2403 locutae.
865 2349 969 2405 Laudat
986 2367 1043 2407 cum
1063 2352 1171 2405 Vunrro
1188 2355 1217 2403 nt

199 2442 424 2499 Wouoennrcnro
441 2449 562 2515 Propere
578 2450 617 2527 ll,¹
631 2453 675 2516 ³4,
693 2455 745 2503 tite
766 2449 864 2519 Qualis
880 2462 908 2504 et
926 2452 1046 2504 Adrasti
1057 2452 1150 2524 fuerit
1168 2470 1217 2505 vo·

198 2544 266 2598 colia
285 2545 374 2598 Arion
394 2547 572 2615 Huneurron,
598 2551 696 2608 addens
721 2553 803 2608 Peru.
821 2551 857 2615 X,
876 2556 908 2605 la
938 2561 1105 2605 acescente
1122 2554 1216 2626 aliquo

198 2654 250 2696 aar
266 2662 384 2698 urracae
400 2646 517 2701 damano
535 2651 648 2707 vocales.
686 2657 774 2721 Atque
792 2652 857 2706 baec
875 2651 1015 2716 bretonum
1033 2653 1103 2705 linito
1121 2666 1215 2720 pareu-

199 2746 280 2800 tbcsis
296 2752 398 2800 eat-
426 2749 459 2804 V.
475 2754 510 2802 79
527 2767 586 2819 sqq·
622 2752 730 2808 Lectio:
763 2754 857 2808 Haec
883 2753 1025 2807 inerant
1048 2753 1136 2804 olim.
1173 2754 1214 2806 Da

197 2847 451 2917 plusquamperfecto
470 2865 509 2918 pr.
527 2852 683 2921 imperfecto
702 2855 761 2907 vide
777 2870 855 2922 supra
875 2854 908 2907 ad
924 2853 946 2918 l,
967 2856 993 2917 5,
1015 2856 1056 2904 19.
1093 2852 1128 2903 dt
1145 2851 1214 2903 enim

197 2945 261 3001 llaec
280 2947 390 3002 formula
407 2964 459 3002 non
476 2950 640 3019 deprecantis
664 2962 742 3018 esset,
760 2953 807 3006 aed
825 2951 996 3006 desiderantis
1012 2949 1100 3014 credo,
1118 2954 1147 3000 ut
1164 2963 1214 3000 uo-

196 3055 250 3103 tum
270 3050 349 3105 illude
365 3050 419 3102 eod
436 3050 503 3103 daec
517 3052 598 3121 priua
611 3053 694 3125 suere
713 3057 837 3108 Cranno.
856 3054 902 3121 lv,
920 3058 964 3105 25.
986 3052 1031 3104 ubi
1047 3052 1080 3106 ci.
1099 3056 1212 3105 annotat.

196 3150 285 3206 Quare
303 3151 369 3204 bene
389 3151 553 3205 emendatum
578 3152 682 3205 videtur
703 3152 810 3221 fuerint
828 3168 844 3206 a
861 3153 1060 3206 Benneuusro
1077 3156 1105 3203 et
1121 3152 1148 3203 in
1166 3165 1213 3204 co-

194 3246 294 3302 dicibus
312 3250 418 3316 aliquot
437 3276 471 3289 -
496 3249 664 3317 Prodigia
681 3262 797 3317 merge
813 3250 877 3305 snb
901 3249 1126 3318 aequoribus,
1144 3248 1170 3302 b.
1189 3266 1213 3303 e.

193 3350 256 3403 tolle
279 3351 304 3404 si
328 3349 391 3418 quid
416 3351 568 3419 apperuerit
592 3351 619 3402 in
643 3359 776 3420 posterum
802 3349 915 3421 prodigii
939 3356 967 3404 ct
984 3350 1043 3404 dele
1061 3367 1095 3404 ne
1111 3358 1212 3405 noceat.

192 3451 319 3506 Sciebant
341 3459 444 3506 veteres
470 3457 499 3505 et
523 3458 612 3519 partus
629 3460 792 3506 monstrosos
809 3454 965 3523 expiationis
989 3469 1067 3508 cansa
1091 3454 1118 3506 iu
1141 3468 1213 3507 mare

191 3551 326 3614 prolicere,
350 3557 380 3604 ut
398 3551 614 3604 Bnoocuuarus
632 3558 659 3603 et
679 3551 803 3604 Vunerna
823 3552 970 3619 ostendunt,
990 3561 1025 3619 et,
1043 3555 1114 3622 quod
1132 3553 1213 3606 Har-

73 3714 77 3721 ·
191 3661 256 3697 arua
274 3650 361 3717 addit,
379 3653 430 3705 alia
448 3658 570 3721 portenta
588 3667 772 3720 quaecunque,
790 3670 858 3722 quae
876 3655 976 3709 aboleri
994 3660 1123 3723 poterant
1166 3652 1213 3704 Sic

191 3742 318 3807 Apollinis
334 3746 499 3804 simulacrum
517 3750 588 3820 qnod
606 3766 654 3819 per
671 3758 725 3805 tres
746 3751 803 3806 dien
821 3753 931 3805 fleverat
949 3753 1037 3821 paullo
1055 3758 1116 3804 anta
1136 3764 1212 3801 mor-

190 3843 244 3890 tem
269 3840 400 3908 Scipiouis
428 3848 543 3904 Africani
568 3854 674 3907 minoris
702 3858 838 3913 concisum
865 3858 893 3906 et
920 3853 946 3905 in
969 3866 1041 3904 mara
1067 3851 1212 3919 proiectum

189 3945 317 3992 memorat
334 3941 387 3993 liro
406 3943 532 4016 Excerpe
551 3953 666 4007 Pairesc.
685 3971 725 4008 nr.
744 3964 790 4019 33,
834 3952 944 4009 sublata
961 3965 1055 4015 eausa,
1080 3949 1212 4003 Heraion

188 4037 290 4107 illust,
318 4038 437 4094 tublttub
466 4043 547 4098 videri
573 4055 657 4115 potuit
685 4057 808 4130 effecum,
855 4055 885 4110 lo
911 4050 979 4105 huuc
1005 4047 1108 4102 modom
1133 4048 1214 4116 igitur
