3009 4725
329 396 369 454 98
560 389 840 459 COMMENTAR.
864 397 909 460 m·
932 399 1107 464 TIBULLI

333 574 366 628 nd
385 572 465 645 Sopb.
484 575 523 626 Αἰ.
543 579 642 644 pito.
653 606 689 617 -
707 581 822 632 urenti
838 581 916 647 siti,
933 581 966 636 ci.
981 584 1064 637 Viro.
1079 585 1178 651 Georg.
1192 586 1226 651 Ii,
1240 591 1302 643 ³58.
1321 597 1349 643 et

332 681 413 732 Orrn.
432 677 541 731 Heroid.
559 678 605 745 lli,
622 683 682 733 iii.
695 706 732 723 ·-
752 682 783 735 V.
797 687 831 735 48
850 700 888 750 eq,
909 687 1007 753 pices
1027 685 1168 753 ferrugo
1185 695 1246 740 runt
1263 692 1346 744 nubes

330 787 417 844 strae,
442 780 534 846 quibus
553 781 652 834 creinm
672 785 849 851 praetexitur,
873 786 992 854 cingitur.
1029 786 1070 838 iie
1089 785 1248 858 ferrugine,
1276 791 1346 857 quod

330 882 461 948 nigrorem
479 882 624 948 significet,
648 882 714 936 bene
739 883 885 953 disputasse
904 887 1024 937 Voserrnr
1042 884 1075 938 nd
1093 887 1185 952 virgil
1203 889 1303 955 Georg.
1322 891 1344 955 i,

329 1000 354 1051 p.
375 985 436 1033 189.
454 987 542 1034 monet
559 982 810 1036 Wannnrrncnrus.
828 1009 865 1022 -
892 982 1053 1034 admittet
1070 998 1121 1035 nou
1140 990 1195 1037 ert:
1220 984 1342 1051 adducet,

328 1080 425 1147 edigut,
435 1079 492 1148 'que
506 1083 606 1136 ratione
622 1083 718 1137 eximie
731 1084 865 1150 langueret
879 1087 1069 1139 venturum,
1086 1083 1133 1135 sed
1147 1090 1204 1136 est:
1221 1087 1343 1151 concitet,

326 1180 463 1234 acceleret.
499 1180 566 1233 Num
584 1180 698 1251 concipit
714 1181 769 1233 Iris
789 1197 892 1252 aquas,
917 1180 1100 1253 alimentaque
1117 1181 1232 1234 nubibus
1250 1183 1343 1252 affert.

326 1279 360 1332 ci.
379 1280 461 1332 Ovrn.
478 1278 544 1333 hiet.
563 1278 585 1343 1,
603 1282 666 1334 211.
703 1276 779 1331 Coni.
800 1279 876 1332 Voss.
895 1279 929 1333 ed
946 1280 1021 1348 Virg.
1041 1283 1142 1350 Georg.
1159 1282 1181 1347 1,
1199 1286 1261 1335 ³80.
1296 1285 1343 1337 Sia

326 1379 454 1431 accelerat
478 1382 598 1430 ventures
622 1377 730 1446 plurius.
768 1377 884 1430 Verbum
913 1380 1057 1431 (iussuros
1076 1380 1102 1432 in
1126 1381 1284 1449 Pereiipom.
1307 1382 1341 1434 nd

325 1479 418 1544 virgil.
437 1494 462 1545 p.
480 1480 542 1530 575.
561 1475 710 1543 explicarit,
732 1476 879 1530 Soranum
902 1481 1016 1542 notente,
1034 1483 1094 1546 poet
1112 1493 1171 1531 eum
1189 1479 1341 1545 Sermone,

323 1578 464 1644 Hermae,
481 1576 652 1641 iirecurrue,
668 1582 700 1629 ut
717 1577 833 1645 postulet
850 1593 921 1632 urus.
957 1580 1004 1632 Sic
1015 1579 1098 1632 Onu.
1113 1582 1197 1635 imm.
1213 1580 1235 1646 1,
1248 1586 1275 1646 Β,
1289 1586 1341 1636 bo:

324 1688 356 1731 ut
381 1678 448 1730 celer
473 1676 596 1729 admissis
620 1674 724 1728 labitur
743 1677 832 1730 amnis
856 1677 936 1750 aquis
962 1685 990 1731 et
1005 1679 1072 1731 Met.
1090 1678 1112 1742 i,
1129 1682 1197 1731 532:
1225 1678 1341 1733 adraim

322 1780 447 1852 sequitur
469 1779 586 1851 vestigia
608 1796 720 1851 gressu,
748 1787 775 1833 et
802 1781 847 1848 qui
865 1780 1014 1833 notissimus
1031 1795 1109 1845 usus,
1133 1780 1276 1834 Prornur.
1292 1781 1340 1848 ΙΙΙ,

323 1885 367 1946 ii,
386 1883 437 1933 tt:
464 1878 581 1930 admisso
606 1878 709 1930 Decius
732 1879 837 1949 proelia
863 1882 939 1950 rupit
964 1898 1040 1953 equo.
1075 1880 1171 1934 Errant
1194 1882 1340 1946 Murrum,

322 1975 475 2031 Turturum
493 1977 600 2030 Adverr.
618 1981 741 2044 ²9,31.‚
760 1980 900 2044 Vannius,
925 1980 968 2045 qui
983 1977 1144 2047 portendat,
1165 1978 1339 2048 praenuntiet

322 2078 539 2145 interpretentur,
565 2083 687 2130 monente
705 2079 782 2130 etism
801 2077 926 2129 Hurnro.
947 2101 980 2117 -
1010 2078 1171 2131 imbrifer.
1206 2080 1253 2133 Sic
1271 2080 1336 2143 iibri,

322 2183 352 2230 ut
369 2177 454 2229 Srnr.
473 2173 556 2227 Theb.
575 2175 624 2240 lx,
642 2177 704 2227 4⁰5.
740 2174 912 2226 Emendutum
937 2179 978 2225 eet
991 2175 1035 2224 ·nb
1060 2175 1179 2228 Heinsio
1202 2174 1336 2245 nimbifer.

321 2275 387 2330 Nem
414 2276 516 2328 loborat
540 2280 657 2327 metrum.
693 2275 893 2324 Scnurrnruus
918 2271 944 2322 iu
969 2271 1017 2321 Gr.
1045 2269 1335 2339 LseT.11.p.rro.

321 2382 352 2428 ut
375 2381 446 2429 certe
470 2375 589 2442 excerpis
614 2369 790 2439 productionis
816 2368 894 2421 effert
920 2368 1003 2422 Ovio.
1028 2383 1062 2421 ex
1088 2369 1164 2422 Pont
1190 2369 1212 2435 1,
1236 2374 1262 2436 3,
1284 2376 1335 2427 ¹14:

323 2473 555 2545 Thessalicamque
578 2471 646 2522 adiit
672 2471 767 2540 hospes
791 2468 909 2522 Achillis
935 2468 1046 2520 humum
1071 2475 1099 2523 et
1116 2469 1178 2523 ibid.
1196 2470 1219 2536 i,
1237 2473 1264 2537 4,
1281 2475 1335 2526 ou:

319 2572 368 2623 r'iIo
391 2571 463 2644 quod
478 2570 563 2624 subiit
581 2573 687 2623 Aesone
705 2577 789 2621 nnius
808 2586 892 2638 apus5
918 2577 1012 2637 notans
1030 2575 1114 2623 tumen
1134 2571 1196 2623 niis
1213 2572 1291 2625 eiiam
1309 2574 1335 2627 in

321 2674 475 2727 hexametris
500 2674 605 2740 snepiue
630 2669 756 2740 products
782 2669 851 2736 legi,
879 2667 991 2735 donique
1009 2670 1112 2721 Aaron.
1130 2667 1222 2738 Epigr.
1241 2675 1285 2737 ru,
1302 2674 1334 2725 4:
1354 2720 1361 2735 ,

313 2776 424 2850 salsum
440 2774 574 2829 corrvincr't
590 2773 662 2824 iiiico
680 2770 879 2840 haruspicium,
908 2772 977 2839 quod
995 2772 1079 2826 simile
1096 2777 1202 2837 nostro,
1226 2773 1274 2824 ted
1291 2788 1335 2825 ee-

319 2877 395 2930 rioris
412 2875 513 2928 notatin
549 2870 650 2923 Temen
667 2869 736 2937 epod
756 2868 890 2921 Tibullum
908 2884 959 2922 nou
979 2870 1202 2924 verisimilis-tulis
1222 2871 1334 2936 licentis,

320 2979 368 3031 etei
386 2978 451 3030 nlius
469 2973 613 3028 huiusmodi
631 2986 720 3025 versus
739 2976 826 3022 exstet
845 2970 910 3022 inire
927 2971 963 3036 ii,
980 2974 1007 3036 4,
1025 2975 1070 3025 38.
1089 3000 1124 3012 --
1147 2973 1180 3026 V.
1199 2974 1243 3026 45.
1269 2975 1330 3026 Vei

319 3080 347 3132 ei
365 3076 555 3132 caeruleus.
592 3073 651 3126 Non
671 3072 782 3125 otiosum
801 3079 841 3124 est
861 3071 910 3124 hoc
928 3087 1021 3124 ornans
1035 3071 1178 3141 epitheton,
1198 3072 1243 3124 red
1257 3072 1332 3124 simui

318 3183 426 3247 propter
449 3174 638 3245 oppositionem
663 3169 788 3224 additum.
833 3171 899 3222 curn
919 3169 1065 3224 animante
1083 3169 1115 3222 de
1139 3169 1263 3221 terrestri
1284 3169 1335 3219 iti-

317 3294 379 3328 nere
396 3274 505 3340 dixerit,
523 3287 591 3324 nunc
608 3270 641 3323 de
660 3269 795 3321 nroritirno
812 3271 899 3323 dicere
916 3271 979 3322 ruit
997 3297 1031 3309 -
1050 3271 1162 3338 puppi.
1199 3269 1333 3336 Intelliges

318 3376 457 3442 voluptatis
474 3388 553 3426 cause
566 3375 714 3440 susceptum
731 3371 921 3437 navigationem
937 3370 963 3423 iu
981 3371 1030 3423 ieri
1047 3376 1118 3434 rste,
1141 3370 1184 3423 ubi
1204 3372 1275 3423 littus
1293 3372 1333 3423 ie·

317 3473 396 3538 gitur.
414 3500 451 3512 -
483 3473 517 3526 V.
536 3476 571 3524 ii
590 3486 647 3538 sqq.
682 3468 809 3522 Succedit
825 3468 895 3522 eliud
914 3484 961 3537 pur
985 3483 1086 3533 rerum,
1111 3486 1177 3537 opus
1201 3466 1332 3519 rusticum

317 3578 345 3624 et
363 3571 479 3622 uenatio.
497 3597 532 3609 -·
558 3572 684 3624 Restituit
701 3570 894 3624 chnrrsrerrus
913 3570 1031 3622 codicum
1057 3569 1193 3622 lectionem
1218 3582 1331 3635 opere,

317 3670 470 3737 'comparens
487 3670 570 3724 Vrec.
590 3673 689 3739 Georg.
707 3671 728 3738 i,
745 3674 807 3724 277.
825 3670 860 3735 il,
879 3674 939 3724 472.
976 3670 1070 3735 Recte,
1089 3675 1118 3721 ut
1136 3669 1245 3721 videtur.
1281 3666 1332 3720 Est

316 3785 383 3822 nunc
409 3786 489 3838 opera
516 3769 676 3836 subiectum,
704 3776 732 3822 et
756 3768 862 3821 rerinvit
879 3768 999 3820 Tibullus
1023 3768 1128 3837 poetice
1155 3767 1330 3820 constructio·

316 3884 383 3923 nem.
400 3897 437 3909 -
461 3871 635 3935 insuetus,
660 3870 795 3936 absolute,
823 3875 851 3921 ut
875 3867 970 3936 pessim
993 3871 1031 3922 fir„
1067 3868 1194 3922 Similiter
1217 3864 1332 3931 nescius,

315 3968 407 4027 rudis,
428 3968 545 4026 inscius,
569 3968 699 4040 ignarus,
724 3969 758 4022 cf.
778 3970 1026 4024 Wmumcum!
1045 3968 1087 4023 hic
1106 3975 1134 4022 et
1151 3966 1185 4022 nd
1203 3966 1224 4033 l,
1242 3972 1268 4032 7,
1286 3971 1331 4020 88.

314 4075 341 4120 et
369 4068 456 4149 Coun.
482 4069 515 4122 sd
540 4069 646 4121 Sallust.
672 4067 749 4121 Cutil.
768 4072 812 4131 51,
837 4072 882 4122 tir.
907 4070 944 4111 ὲ
979 4068 1178 4124 etteruirre
1204 4080 1331 4128 munus,

314 4164 448 4217 conferunt
466 4183 491 4219 v.
511 4184 535 4218 c.
560 4168 665 4223 Vror.
685 4164 758 4219 hieu.
778 4167 825 4230 lV,
842 4170 873 4218 b:
901 4167 965 4218 ilias
988 4166 1090 4220 rustico
1111 4183 1189 4237 opere
1213 4161 1331 4215 attritae
