3009 4725
469 361 579 425 LlBR.
601 363 642 424 11.
683 362 805 426 ELEG.
825 363 867 427 V.
1113 375 1176 431 299

157 550 195 598 ite
220 543 358 598 nenileeto
375 539 497 608 languide
516 540 634 593 iuueture
659 544 700 592 eet
723 538 874 591 ultimorum
891 536 1028 594 verberum
1047 543 1074 594 ei
1092 540 1177 597 ieiune

154 643 318 712 epexegesis.
355 641 446 697 Quare
462 639 556 693 melier
579 637 681 691 videtur
705 638 789 690 eltere
805 638 979 706 interpunctio
997 639 1175 697 hcuusuuo

156 742 274 811 probate,
292 741 368 794 cuius
385 738 450 792 haee
468 739 552 791 retius
571 739 636 787 Cum
653 736 757 788 seueiue
775 736 826 789 iem
844 742 927 791 totum
945 754 1039 793 enuum
1057 741 1131 795 leceo
1149 751 1178 796 et

156 840 242 894 nutrio
259 840 394 904 morbum,
415 855 475 890 eum
493 837 609 891 delectet
622 837 679 904 ipse
698 835 773 890 dolor
791 835 873 904 (quse
891 840 970 893 verba
988 847 1051 908 pute
1068 842 1176 912 empbs-

156 944 235 995 tieem
259 942 441 1011 repetitionem
466 945 602 1008 proteeeos
620 937 712 1005 esee),
737 938 774 990 nli
793 938 841 992 uisi
859 938 992 995 Nemesim
1016 943 1105 1011 cogito
1128 961 1178 999 uec

156 1057 261 1097 uersum
279 1056 385 1110 possum
402 1040 489 1093 iecere
506 1039 563 1093 siue
580 1053 621 1092 ee.
667 1037 743 1090 naec
761 1041 921 1093 constructio
938 1042 1071 1095 nerooeior
1087 1050 1116 1096 et
1132 1043 1177 1096 iir-

159 1142 224 1193 mior
249 1141 434 1193 sententiarum
457 1140 585 1194 iuueture.
622 1137 681 1192 Nee
706 1153 773 1206 opus
797 1139 900 1193 videtur
923 1142 1071 1196 coniectare
1095 1143 1177 1197 aude-

159 1241 230 1294 ciore
247 1249 305 1291 rom
323 1256 363 1309 pr.
381 1257 456 1297 cum,
482 1239 505 1292 si
530 1237 580 1292 hoc
598 1238 676 1291 colon
693 1237 792 1306 eecipls
808 1243 839 1290 ut
855 1236 974 1292 iudiceri.
1010 1242 1096 1307 Atque
1114 1239 1178 1296 heec

160 1338 292 1393 hecteuus.
314 1366 351 1378 -
379 1339 518 1393 Postremo
544 1335 578 1389 de
603 1335 686 1388 torrae
714 1335 795 1386 totius
821 1335 902 1403 pertis
928 1337 1049 1389 nonnulla
1075 1353 1178 1392 moneo.

161 1436 201 1489 nb
228 1438 391 1505 oppositione
416 1435 583 1489 edverserum
608 1447 694 1485 rerum
721 1448 737 1484 s
765 1432 873 1498 sibyllis
900 1435 962 1488 olim
989 1436 1180 1505 preedlcterum

162 1538 254 1589 transit
278 1535 311 1589 ed
335 1537 412 1591 sensti
437 1538 496 1591 enni
521 1535 672 1589 felicitatem
697 1533 908 1599 describendam,
935 1550 1012 1601 quarn
1038 1542 1181 1605 suguntur

162 1632 282 1688 laterem.
320 1637 396 1693 (tuse
411 1636 552 1706 descriptio
570 1638 693 1705 bipartite
711 1651 758 1705 per
776 1635 969 1702 gradationem
989 1651 1048 1688 uem
1067 1636 1177 1704 primum

164 1735 198 1787 de
221 1741 346 1804 proventu
365 1752 491 1805 prospero
509 1737 569 1789 enni
590 1736 662 1802 dicit,
682 1733 775 1788 deiude
792 1734 825 1787 de
843 1734 944 1802 gaudiis
962 1734 1086 1788 sertorum
1105 1750 1181 1787 rure-

165 1836 236 1890 lium.
279 1834 347 1890 Vide
373 1850 442 1890 nune
466 1838 544 1890 etiem
570 1835 660 1889 horum
686 1835 803 1887 iocorum
827 1833 931 1886 lormes.
973 1833 1004 1886 ln
1028 1833 1113 1903 primo
1140 1839 1181 1887 est

163 1951 230 1987 nove
248 1934 367 2003 gradatio
383 1936 527 2005 tripertitus
552 1934 656 2004 ponitur
674 1934 742 1986 euim
759 1931 863 1999 frugum
880 1931 1001 1997 ubertas,
1019 1931 1121 2001 pecoris
1139 1931 1181 1984 le-

166 2048 238 2104 tura,
265 2046 440 2093 metronerum
465 2036 619 2091 fecunditas.
655 2036 730 2089 Alter
755 2034 782 2087 in
805 2032 978 2103 descriptione
1002 2034 1062 2086 iesti
1086 2034 1179 2087 ruralis

164 2140 256 2193 tremit
273 2139 307 2192 ed
325 2140 422 2193 umoris
445 2137 563 2191 iuvenilis
580 2134 708 2187 licentium
733 2133 870 2201 niuesque,
898 2132 1041 2186 admiscens
1058 2133 1096 2185 sic
1116 2147 1180 2186 cou-

166 2240 289 2293 sireiibus
307 2240 410 2308 gaudiis
428 2240 531 2293 dolores
550 2238 644 2291 umoris
660 2247 860 2307 temporumque
876 2236 986 2288 alterurn
1004 2236 1096 2288 eltero.
1132 2237 1182 2287 At-

166 2342 209 2407 qui
235 2340 276 2395 hic
300 2349 432 2411 postremo
452 2341 531 2395 etlam
549 2354 654 2393 suorum
676 2337 794 2391 dolorum
820 2334 987 2401 recordetur,
1016 2339 1045 2387 ut
1070 2349 1086 2386 e
1111 2334 1182 2388 nulio

165 2440 220 2493 iere
238 2442 352 2494 carmine
367 2440 443 2493 abest
459 2440 619 2507 querimonis
637 2444 739 2507 poetae.

240 2539 273 2590 V.
301 2538 415 2592 ild-sd
440 2541 527 2591 linem·
570 2537 703 2590 Exitus.
750 2536 797 2587 os
832 2535 1016 2604 triumphis
1051 2530 1184 2588 iuturis

169 2637 367 2702 Messalini,
393 2652 478 2704 quos
502 2638 670 2689 similiter
693 2634 877 2688 celebrere
901 2636 998 2703 cupit
1022 2637 1111 2689 ollm.

240 2737 272 2790 V.
291 2739 344 2788 11³
360 2752 417 2804 sqq.
453 2739 495 2789 nt
512 2742 554 2789 tu.
592 2738 670 2790 Amet
687 2733 753 2788 benc
772 2734 922 2803 particulam
942 2734 967 2785 in
986 2733 1073 2798 exitu,
1102 2738 1183 2789 veluti

167 2837 190 2901 l,
208 2839 235 2901 t,
253 2840 298 2890 eo.
324 2839 352 2903 a,
368 2840 413 2889 8³.
457 2837 523 2891 Cum
551 2840 631 2891 Amor
656 2837 777 2891 Nemesis
802 2838 872 2890 vires
897 2834 996 2888 'libelii
1022 2832 1183 2900 iniringeret,

169 2948 292 3003 perquem
310 2941 372 3004 epta
390 2940 430 2987 est
447 2933 512 2988 hacc
528 2937 694 3007 apostrophe.
715 2964 746 2977 ·-
772 2952 891 3007 parce,
914 2952 948 2988 ue
965 2941 1059 3001 torque
1077 2933 1183 2986 nimium

169 3034 265 3088 duritie
281 3041 309 3088 et
326 3035 458 3105 superbie.
475 3062 510 3074 -
537 3052 606 3090 nem
631 3036 743 3090 divum
768 3041 888 3089 serrat
906 3040 957 3088 ete.
992 3032 1064 3086 Setis
1081 3037 1185 3084 constat

169 3136 203 3190 de
221 3137 267 3190 tali
287 3153 336 3192 usu
356 3136 541 3206 pareutheeeos
562 3138 595 3191 ed
620 3154 723 3191 censam
748 3134 967 3207 preemlttendam.
996 3160 1032 3172 -
1061 3131 1188 3201 oppidu

169 3238 278 3306 victe,
301 3239 422 3292 usitatius
439 3246 535 3306 captu,
563 3244 593 3290 ut
609 3239 752 3292 Proreus.
770 3236 817 3301 ill,
835 3238 862 3300 4,
883 3238 926 3287 lt.
951 3232 997 3285 ubl
1014 3231 1073 3284 ride
1091 3232 1184 3284 liuns.

170 3336 293 3390 Ceterum
311 3343 412 3390 constet
430 3337 599 3406 oppidorum,
617 3337 758 3399 montium,
782 3335 917 3401 regionum
935 3333 1061 3400 imagines
1078 3331 1185 3387 ferculis

166 3441 302 3510 impositus
328 3440 500 3509 praecessisse
517 3454 620 3493 currum
639 3436 834 3507 triumphalem,
858 3433 893 3487 cl.
910 3436 993 3488 Ovru.
1012 3438 1069 3489 hrt.
1087 3438 1144 3490 siut.
1163 3437 1188 3503 l,

166 3548 219 3596 ult
238 3559 294 3611 sqq.
313 3570 351 3583 -
379 3542 476 3595 leuro
501 3538 686 3592 devinctus
711 3535 854 3602 egresti.
891 3534 1072 3605 Decerpebeut
1089 3535 1183 3589 milites

169 3641 368 3710 triumpheutem
393 3640 509 3695 secuturi
535 3654 620 3692 muros
644 3656 659 3692 e
685 3638 773 3703 ituro,
800 3651 846 3690 eos
864 3652 939 3689 manu
958 3638 1084 3705 gerebant
1101 3637 1184 3703 iisque

169 3737 269 3800 galeeus
287 3739 422 3794 ornabunt
459 3737 537 3796 Quod
560 3737 666 3790 Fuscus
684 3736 834 3811 Pouureruu¹
849 3734 945 3788 lectum
963 3735 1040 3800 dicit,
1064 3740 1095 3786 ut
1112 3734 1186 3799 quesl

172 3833 275 3898 purgati
293 3848 310 3885 e
327 3835 409 3887 caede
426 3837 516 3890 urbm
536 3837 668 3889 intrerent.
686 3860 723 3873 -
749 3832 809 3887 det
832 3834 1038 3900 spectacula
1064 3831 1189 3884 turbes

171 3925 214 3979 Et
233 3929 391 3997 pleudet,
409 3935 541 4002 plaudens.
558 3965 595 3977 -
619 3930 1080 3999 sissibtstne,stsd1‚e‚r.
