3009 4725
315 429 373 485 38·
548 419 829 489 COMMENTAR.
851 422 896 487 ΙΝ
918 422 1091 489 TIBULLI

317 598 425 651 Verum·
451 597 551 650 Fusco.
571 597 592 660 1,
613 599 682 651 8³5:
705 607 813 667 portum
835 607 955 657 lentare,
983 605 1010 651 et
1030 598 1154 650 Cinnae.
1172 596 1220 663 XI,
1242 602 1283 654 13.
1312 607 1339 653 et

317 696 402 748 Vno.
421 695 485 746 Aen.
502 693 550 759 ΙΙΙ,
567 698 629 747 86³.
654 710 722 761 quoe
745 697 986 749 Wursununrcnrus
1010 696 1106 749 landet.
1128 720 1157 734 -·
1189 707 1338 752 reserat.

319 791 430 844 Notebis
447 791 481 845 de
500 793 673 848 collocutione
691 796 838 862 verborum,
855 814 915 850 cum
932 798 958 849 iu
977 796 1026 849 iroc
1041 793 1151 848 disticho
1165 796 1261 863 pariter
1274 799 1337 849 sub-

318 891 386 943 iecta
403 892 452 944 sibi
470 894 591 960 opposite
608 895 659 947 eint
676 900 704 946 et
727 896 822 959 verbu,
848 901 920 947 recte
943 895 1058 963 potuisse
1077 894 1128 946 dici
1145 900 1190 946 out
1208 895 1260 945 sic:
1286 910 1336 946 seu
1411 903 1418 918 '

317 991 377 1058 quis
395 991 499 1043 iuvenis
517 991 604 1045 limine
625 996 722 1057 tentet,
747 1008 796 1045 seu
817 991 910 1060 puella
936 999 1035 1045 reserat
1052 991 1137 1057 iores3
1163 1000 1209 1044 ant
1226 993 1263 1046 sic
1271 1032 1285 1064 ,Ἰ
1308 1001 1337 1046 ut

319 1096 398 1158 poete
417 1089 493 1142 iecit:
519 1106 566 1145 seu
582 1091 638 1157 quis
657 1090 756 1142 iuvenis
773 1088 866 1140 limina
885 1097 976 1140 tentor
997 1106 1043 1143 seu
1061 1099 1164 1141 reserat
1183 1092 1270 1158 puella
1286 1089 1336 1161 so-

318 1203 370 1241 res.
407 1189 493 1255 Atque
511 1187 574 1240 isnec
594 1189 733 1240 collocatio
755 1186 926 1255 pulcherrim
943 1195 985 1241 est
1003 1195 1031 1240 et
1053 1205 1133 1258 eeepc
1159 1190 1274 1258 praelata
1298 1188 1338 1240 ai-

318 1286 369 1342 real
389 1288 504 1354 vulgari,
531 1294 559 1340 ut
584 1288 670 1339 stetim
696 1303 720 1340 u.
742 1290 794 1338 23:
819 1302 885 1353 quos
904 1302 953 1339 nec
969 1288 1061 1340 inertia
1079 1287 1176 1339 tardat
1194 1302 1244 1339 nec
1261 1296 1338 1337 verat

318 1401 426 1454 surgere
443 1389 574 1440 timon-
599 1386 674 1440 iixo
692 1386 812 1451 dente,
832 1387 866 1439 ct.
882 1387 916 1440 ed
935 1404 960 1439 v.
978 1393 1004 1441 6.
1021 1415 1058 1428 -
1077 1389 1109 1442 V.
1125 1392 1158 1440 19
1176 1403 1215 1455 sq.
1234 1387 1339 1462 molli,

318 1494 472 1555 perpetuum
491 1486 553 1539 lecti
571 1486 718 1556 epitheton,
742 1489 790 1540 sed
814 1496 844 1540 ut
866 1489 946 1540 etiem
965 1497 1090 1556 perpetue
1113 1503 1199 1540 rerum
1223 1485 1340 1554 epitheto

319 1602 446 1653 nusqesm
463 1587 548 1638 olioss
564 1595 624 1638 sunt
642 1588 668 1638 in
686 1584 726 1638 his
745 1586 911 1650 carminibus,
929 1587 968 1638 sic
984 1584 1032 1638 hoc
1051 1601 1156 1653 queque
1174 1600 1226 1637 nou
1244 1585 1341 1636 otietur

318 1698 401 1750 nuuc,
424 1683 472 1737 sed
490 1684 680 1752 oppositionem
699 1685 814 1738 suaviter
830 1686 952 1750 ediuvut3
980 1684 1038 1738 vide
1056 1684 1148 1738 modo:
1173 1685 1260 1737 iimina
1284 1690 1341 1736 len-

321 1795 395 1850 tare,
412 1799 529 1837 reserere
547 1784 632 1850 iores,
657 1787 735 1838 molle
753 1787 851 1839 lectum
870 1787 1025 1852 relinquere.
1061 1786 1275 1855 oppositionibus
1292 1802 1341 1839 au-

320 1891 374 1936 tern
391 1881 541 1936 tortioribus
558 1883 692 1936 nervosior
708 1889 736 1936 et
753 1875 865 1936 slacrior
881 1885 912 1935 iit
931 1885 1023 1950 oratio,
1039 1884 1073 1937 de
1092 1901 1143 1951 quo
1162 1886 1266 1953 saepius
1283 1899 1341 1936 rno-

319 1995 371 2036 neo
389 1998 437 2051 per
453 1980 521 2035 hunc
539 1982 641 2035 librum.
659 2007 695 2024 -
725 1982 894 2037 decedere
912 1986 1006 2037 lecto
1024 1991 1065 2038 est
1082 1987 1226 2052 relinquere
1245 1986 1338 2035 lectum

318 2078 440 2148 (nauus
472 2078 531 2132 sich
555 2098 614 2130 vom
637 2082 718 2131 Belle
743 2079 922 2150 scithicum),
949 2099 997 2136 nec
1021 2098 1087 2150 opus
1111 2082 1212 2133 videtur
1230 2081 1339 2134 Doussn

320 2179 469 2233 coniectura
488 2178 650 2234 descendere.
679 2182 762 2234 0v1n.
782 2184 885 2236 Amorr.
901 2182 948 2245 ΙΙΙ,
968 2187 992 2246 l,
1009 2185 1059 2232 51:
1081 2176 1170 2228 delabi
1185 2187 1244 2230 toro
1256 2179 1339 2232 dixit.

320 2276 444 2330 Ceterum
462 2292 512 2329 non
532 2278 566 2331 de
583 2280 639 2332 sole
658 2281 743 2348 puelle
768 2276 832 2332 haec
857 2278 934 2331 verbs
952 2278 1063 2345 accipies
1086 2281 1209 2343 surgente
1227 2284 1257 2329 ut
1275 2294 1340 2332 con-

320 2378 408 2432 veniat
431 2386 589 2447 amatorem3
616 2384 702 2436 velent
727 2381 804 2433 etiam
830 2380 864 2432 de
889 2385 1019 2441 amatore,
1046 2381 1090 2446 qni
1115 2378 1203 2433 furtim
1228 2380 1341 2434 discedit
1447 2377 1450 2383 ’

321 2480 382 2529 tute
400 2476 477 2530 diem.
512 2479 638 2532 Similiter
656 2483 817 2547 pentameter
841 2483 869 2529 et
894 2478 997 2547 puellae
1023 2485 1051 2531 et
1075 2479 1183 2532 emeleri
1210 2481 1340 2533 convenit.

322 2576 547 2632 Quemadmodum
569 2579 679 2631 enimin
703 2576 869 2630 antecedenti
887 2576 999 2632 disticho
1021 2579 1054 2632 de
1073 2586 1188 2633 amatore
1206 2587 1234 2633 et
1256 2583 1343 2650 puelle

321 2675 431 2742 dicitnr,
457 2677 494 2729 sic
514 2677 540 2730 in
561 2676 610 2730 hoc
628 2683 655 2730 et
672 2677 809 2744 sequenti,
840 2679 987 2745 postulente
1010 2679 1190 2731 concinnitatis
1213 2681 1281 2747 lege.
1308 2706 1342 2722 -

322 2775 416 2828 nulio
434 2775 551 2844 pedem
571 2792 700 2842 ponere
719 2790 816 2840 sono,
843 2776 868 2827 Ιι.
887 2791 910 2827 e.
931 2791 1058 2845 suspenso
1080 2778 1164 2846 gmdu
1184 2780 1231 2832 ire.
1259 2779 1341 2831 0v1n.

319 2874 339 2928 l.
355 2875 413 2929 ott:
431 2882 514 2946 atque
532 2874 707 2941 impetrasses
720 2882 797 2926 nocte
810 2893 913 2927 movere
925 2875 1016 2944 pedes.
1052 2878 1143 2931 Multis
1160 2894 1215 2933 rem
1233 2880 1344 2933 illustrat

320 2976 409 3030 Jsuus
428 2978 611 3029 (insulanus.
630 3003 666 3013 -
687 2975 720 3029 V.
730 2979 764 3026 21
779 2992 836 3043 sqq.
862 2977 1069 3033 virocoram.
1109 2979 1157 3033 l'st
1169 2980 1299 3053 gradatio
1316 2983 1343 3034 in

320 3081 378 3127 toto
396 3075 454 3127 ioco
472 3080 500 3127 et
515 3073 681 3142 progreditur
702 3079 781 3141 poete
798 3090 813 3126 e
829 3074 911 3128 miuus
931 3077 1071 3130 audacibus
1089 3079 1123 3132 ed
1142 3078 1288 3132 audaciore.
1306 3104 1341 3119 «-

321 3171 363 3224 Ad
388 3170 488 3224 docet
512 3171 605 3223 iterum
633 3187 685 3223 non
706 3171 829 3240 puellam
852 3177 945 3243 supple
963 3176 1010 3229 sed
1028 3187 1158 3228 umentes.
1195 3179 1235 3229 De
1253 3184 1344 3230 mutuo

321 3270 390 3323 euim
408 3272 539 3338 colloquio
557 3270 635 3337 dicit,
662 3279 778 3326 ceterum
798 3275 891 3328 Deliae
914 3279 1026 3330 suimnru
1051 3277 1148 3329 nddere
1172 3276 1280 3343 cupiens
1304 3275 1344 3328 iris

320 3370 546 3441 descriptionibus.
565 3401 601 3411 -
628 3382 732 3427 nutus
751 3375 914 3430 conterre
932 3379 988 3431 scil·
1005 3379 1073 3429 inter
1094 3393 1138 3442 se,
1164 3383 1193 3428 ut
1210 3389 1343 3428 sermones

319 3471 454 3537 conterre,
473 3468 671 3537 συμβάλλεσθαι
690 3470 789 3539 λόγους.
808 3503 840 3515 -
863 3474 1089 3543 compositis,
1113 3474 1145 3527 de
1164 3472 1257 3539 quibus
1280 3479 1343 3527 ante

320 3578 476 3625 conventum
493 3577 541 3623 est.
566 3574 648 3625 Ovrn.
667 3574 768 3626 Amorr.
786 3573 834 3638 111,
851 3575 940 3637 225:
961 3567 1100 3639 Verbaque
1118 3567 1269 3637 compositis
1288 3570 1345 3623 dis-

322 3666 455 3721 simulata
473 3669 553 3722 nolis.
591 3673 689 3726 Locum
715 3673 833 3742 pluribus
857 3672 969 3723 illustret
994 3670 1083 3723 Jsuus
1107 3666 1293 3726 Gunnsnnus.
1310 3701 1346 3713 -

319 3764 362 3823 Ad
375 3780 399 3819 u.
412 3765 539 3820 obdere
553 3773 689 3828 conserunt
703 3776 783 3827 Ourn.
800 3776 855 3828 Art.
868 3774 926 3829 Am.
937 3773 958 3840 i,
968 3776 1035 3827 les:
1057 3772 1130 3825 Neve
1144 3770 1346 3844 adquieveritis

320 3863 427 3919 odiosae
443 3865 545 3937 ufflrct
562 3844 657 3928 durus,
674 3890 755 3944 quam
767 3882 846 3945 polea
861 3868 994 3945 ambiguis
1007 3870 1125 3924 callidus
1138 3868 1206 3921 alde
1220 3870 1300 3923 notis.
1310 3896 1347 3911 -

320 3968 467 4032 Postremo,
486 3986 551 4037 quus
570 3969 609 4023 his
628 3971 747 4024 dislieisis
765 3972 903 4042 descripsit
922 3980 1002 4038 artes,
1021 3986 1066 4025 ess
1084 3987 1138 4023 uno
1157 3968 1239 4023 verbo
1260 3968 1345 4019 Vene-

319 4083 374 4119 rem
385 4066 529 4137 surlivam
546 4069 610 4122 dicit
627 4069 694 4122 inire
712 4070 733 4133 Ι,
747 4074 774 4133 8,
790 4075 834 4122 di.
853 4071 897 4122 ubi
916 4073 993 4125 etiem
1011 4070 1062 4122 alia
1080 4069 1186 4121 indicet
1200 4095 1235 4106 ·-
1255 4065 1286 4118 V.
1300 4067 1343 4118 ΞΒ.

319 4164 388 4218 Nec
413 4166 516 4220 docet
541 4166 603 4220 lroe
627 4183 742 4223 omnes
767 4177 817 4221 etc.
863 4170 1019 4251 Obseruauit
1037 4172 1121 4223 lector
1138 4174 1243 4239 poetam
1263 4164 1346 4218 redire
