<?xml version="1.0" encoding="UTF-8"?>
<!DOCTYPE html PUBLIC "-//W3C//DTD XHTML 1.0 Transitional//EN"
    "http://www.w3.org/TR/xhtml1/DTD/xhtml1-transitional.dtd">
<html xmlns="http://www.w3.org/1999/xhtml" xml:lang="en" lang="en">
 <head>
  <title>
</title>
<meta http-equiv="Content-Type" content="text/html;charset=utf-8" />
  <meta name='ocr-system' content='tesseract 3.04.00' />
  <meta name='ocr-capabilities' content='ocr_page ocr_carea ocr_par ocr_line ocrx_word'/>
</head>
<body>
  <div class='ocr_page' id='page_1' title='image "albiitibullicar00unkngoog_0389.png"; bbox 0 0 3009 4725; ppageno 0'>
   <div class='ocr_carea' id='block_1_1' title="bbox 504 419 1194 493">
    <p class='ocr_par' dir='ltr' id='par_1_1' title="bbox 504 419 1194 493">
     <span class='ocr_line' id='line_1_1' title="bbox 504 419 1194 493; baseline 0.016 -12"><span class='ocrx_word' id='word_1_1' title='bbox 504 419 613 483; x_wconf 84' lang='lat' dir='ltr'><strong>LlBR.</strong></span> <span class='ocrx_word' id='word_1_2' title='bbox 635 422 660 482; x_wconf 90' lang='grc' dir='ltr'><strong>Ι.</strong></span> <span class='ocrx_word' id='word_1_3' title='bbox 703 420 824 486; x_wconf 84' lang='lat' dir='ltr'><strong>ELEG.</strong></span> <span class='ocrx_word' id='word_1_4' title='bbox 845 425 884 485; x_wconf 88' lang='grc' dir='ltr'><strong>ΙΙ.</strong></span> <span class='ocrx_word' id='word_1_5' title='bbox 1153 437 1194 493; x_wconf 81' lang='grc'><strong>55</strong></span> 
     </span>
    </p>
   </div>
   <div class='ocr_carea' id='block_1_2' title="bbox 173 589 1193 1157">
    <p class='ocr_par' dir='ltr' id='par_1_2' title="bbox 173 589 1193 1157">
     <span class='ocr_line' id='line_1_2' title="bbox 174 589 1193 657; baseline -0.001 -8"><span class='ocrx_word' id='word_1_6' title='bbox 174 601 273 649; x_wconf 83' lang='lat' dir='ltr'><strong>stremo</strong></span> <span class='ocrx_word' id='word_1_7' title='bbox 295 592 437 657; x_wconf 77' lang='lat' dir='ltr'><strong>erraveris,</strong></span> <span class='ocrx_word' id='word_1_8' title='bbox 463 592 487 646; x_wconf 86' lang='lat' dir='ltr'><strong>sl</strong></span> <span class='ocrx_word' id='word_1_9' title='bbox 506 607 539 645; x_wconf 79' lang='lat' dir='ltr'><strong>ex</strong></span> <span class='ocrx_word' id='word_1_10' title='bbox 557 590 596 644; x_wconf 87' lang='lat' dir='ltr'><strong>lris</strong></span> <span class='ocrx_word' id='word_1_11' title='bbox 615 589 730 645; x_wconf 72' lang='lat' dir='ltr'><strong>distichis</strong></span> <span class='ocrx_word' id='word_1_12' title='bbox 753 591 910 655; x_wconf 84' lang='lat' dir='ltr'><strong>concludes,</strong></span> <span class='ocrx_word' id='word_1_13' title='bbox 936 592 1036 646; x_wconf 83' lang='lat' dir='ltr'><strong>Delium</strong></span> <span class='ocrx_word' id='word_1_14' title='bbox 1055 598 1109 646; x_wconf 75' lang='lat' dir='ltr'><strong>tuni</strong></span> <span class='ocrx_word' id='word_1_15' title='bbox 1128 610 1193 648; x_wconf 90' lang='lat' dir='ltr'><strong>nou-</strong></span> 
     </span>
     <span class='ocr_line' id='line_1_3' title="bbox 175 679 1193 764; baseline 0.001 -15"><span class='ocrx_word' id='word_1_16' title='bbox 175 697 236 752; x_wconf 85' lang='lat' dir='ltr'><strong>dum</strong></span> <span class='ocrx_word' id='word_1_17' title='bbox 254 702 359 764; x_wconf 79' lang='lat' dir='ltr'><strong>nuptum</strong></span> <span class='ocrx_word' id='word_1_18' title='bbox 377 694 468 759; x_wconf 81' lang='lat' dir='ltr'><strong>tuisse,</strong></span> <span class='ocrx_word' id='word_1_19' title='bbox 485 699 516 746; x_wconf 90' lang='lat' dir='ltr'><strong>ut</strong></span> <span class='ocrx_word' id='word_1_20' title='bbox 528 679 643 750; x_wconf 77' lang='lat' dir='ltr'><strong>Vossius</strong></span> <span class='ocrx_word' id='word_1_21' title='bbox 659 691 752 746; x_wconf 83' lang='lat' dir='ltr'><strong>iecisse</strong></span> <span class='ocrx_word' id='word_1_22' title='bbox 771 693 874 748; x_wconf 86' lang='lat' dir='ltr'><strong>videtur</strong></span> <span class='ocrx_word' id='word_1_23' title='bbox 890 708 950 748; x_wconf 86' lang='lat' dir='ltr'><strong>eum</strong></span> <span class='ocrx_word' id='word_1_24' title='bbox 968 695 1034 760; x_wconf 78' lang='lat' dir='ltr'><strong>aliis,</strong></span> <span class='ocrx_word' id='word_1_25' title='bbox 1052 693 1116 748; x_wconf 80' lang='lat' dir='ltr'><strong>brec</strong></span> <span class='ocrx_word' id='word_1_26' title='bbox 1133 701 1193 752; x_wconf 82' lang='lat' dir='ltr'><strong>eote</strong></span> 
     </span>
     <span class='ocr_line' id='line_1_4' title="bbox 175 793 1191 860; baseline -0.002 -11"><span class='ocrx_word' id='word_1_27' title='bbox 175 796 283 850; x_wconf 87' lang='lat' dir='ltr'><strong>reditum</strong></span> <span class='ocrx_word' id='word_1_28' title='bbox 303 794 402 848; x_wconf 84' lang='lat' dir='ltr'><strong>Tibulli</strong></span> <span class='ocrx_word' id='word_1_29' title='bbox 421 809 437 847; x_wconf 91' lang='lat' dir='ltr'><strong>e</strong></span> <span class='ocrx_word' id='word_1_30' title='bbox 455 793 524 846; x_wconf 92' lang='lat' dir='ltr'><strong>bello</strong></span> <span class='ocrx_word' id='word_1_31' title='bbox 542 793 639 860; x_wconf 83' lang='lat' dir='ltr'><strong>scripte</strong></span> <span class='ocrx_word' id='word_1_32' title='bbox 655 805 772 844; x_wconf 86' lang='lat' dir='ltr'><strong>uenseus.</strong></span> <span class='ocrx_word' id='word_1_33' title='bbox 809 793 869 848; x_wconf 79' lang='lat' dir='ltr'><strong>Qus</strong></span> <span class='ocrx_word' id='word_1_34' title='bbox 887 793 956 845; x_wconf 79' lang='lat' dir='ltr'><strong>mule</strong></span> <span class='ocrx_word' id='word_1_35' title='bbox 973 794 1121 845; x_wconf 80' lang='lat' dir='ltr'><strong>coniectum</strong></span> <span class='ocrx_word' id='word_1_36' title='bbox 1140 809 1191 848; x_wconf 88' lang='lat' dir='ltr'><strong>uon</strong></span> 
     </span>
     <span class='ocr_line' id='line_1_5' title="bbox 173 891 1189 964; baseline 0 -17"><span class='ocrx_word' id='word_1_37' title='bbox 173 910 247 964; x_wconf 88' lang='lat' dir='ltr'><strong>opus.</strong></span> <span class='ocrx_word' id='word_1_38' title='bbox 284 894 385 947; x_wconf 87' lang='lat' dir='ltr'><strong>Tsntus</strong></span> <span class='ocrx_word' id='word_1_39' title='bbox 401 898 443 945; x_wconf 89' lang='lat' dir='ltr'><strong>est</strong></span> <span class='ocrx_word' id='word_1_40' title='bbox 461 891 558 944; x_wconf 77' lang='lat' dir='ltr'><strong>Tibulli</strong></span> <span class='ocrx_word' id='word_1_41' title='bbox 577 907 657 957; x_wconf 80' lang='lat' dir='ltr'><strong>amor,</strong></span> <span class='ocrx_word' id='word_1_42' title='bbox 676 897 705 943; x_wconf 91' lang='lat' dir='ltr'><strong>ut</strong></span> <span class='ocrx_word' id='word_1_43' title='bbox 723 891 745 943; x_wconf 88' lang='lat' dir='ltr'><strong>si</strong></span> <span class='ocrx_word' id='word_1_44' title='bbox 765 892 805 943; x_wconf 85' lang='lat' dir='ltr'><strong>rel</strong></span> <span class='ocrx_word' id='word_1_45' title='bbox 824 907 892 944; x_wconf 86' lang='lat' dir='ltr'><strong>nune</strong></span> <span class='ocrx_word' id='word_1_46' title='bbox 907 892 1053 959; x_wconf 75' lang='lat' dir='ltr'><strong>relinquere</strong></span> <span class='ocrx_word' id='word_1_47' title='bbox 1071 894 1189 950; x_wconf 80' lang='lat' dir='ltr'><strong>meritum</strong></span> 
     </span>
     <span class='ocr_line' id='line_1_6' title="bbox 173 987 1191 1060; baseline -0.003 -13"><span class='ocrx_word' id='word_1_48' title='bbox 173 1004 200 1047; x_wconf 89' lang='lat' dir='ltr'><strong>et</strong></span> <span class='ocrx_word' id='word_1_49' title='bbox 217 1009 276 1047; x_wconf 87' lang='lat' dir='ltr'><strong>cunr</strong></span> <span class='ocrx_word' id='word_1_50' title='bbox 293 994 350 1060; x_wconf 88' lang='lat' dir='ltr'><strong>ipso</strong></span> <span class='ocrx_word' id='word_1_51' title='bbox 368 993 456 1045; x_wconf 81' lang='lat' dir='ltr'><strong>vivere</strong></span> <span class='ocrx_word' id='word_1_52' title='bbox 474 990 549 1042; x_wconf 83' lang='lat' dir='ltr'><strong>Delie</strong></span> <span class='ocrx_word' id='word_1_53' title='bbox 564 988 635 1052; x_wconf 84' lang='lat' dir='ltr'><strong>velit,</strong></span> <span class='ocrx_word' id='word_1_54' title='bbox 653 987 755 1054; x_wconf 81' lang='lat' dir='ltr'><strong>quiduis</strong></span> <span class='ocrx_word' id='word_1_55' title='bbox 773 988 930 1043; x_wconf 72' lang='lat' dir='ltr'><strong>toleraturus</strong></span> <span class='ocrx_word' id='word_1_56' title='bbox 947 990 981 1041; x_wconf 87' lang='lat' dir='ltr'><strong>sit</strong></span> <span class='ocrx_word' id='word_1_57' title='bbox 999 1005 1046 1058; x_wconf 90' lang='lat' dir='ltr'><strong>pro</strong></span> <span class='ocrx_word' id='word_1_58' title='bbox 1065 988 1113 1044; x_wconf 86' lang='lat' dir='ltr'><strong>huo</strong></span> <span class='ocrx_word' id='word_1_59' title='bbox 1132 991 1191 1044; x_wconf 85' lang='lat' dir='ltr'><strong>leli·</strong></span> 
     </span>
     <span class='ocr_line' id='line_1_7' title="bbox 173 1086 1189 1157; baseline -0.003 -9"><span class='ocrx_word' id='word_1_60' title='bbox 173 1096 261 1148; x_wconf 82' lang='lat' dir='ltr'><strong>citute.</strong></span> <span class='ocrx_word' id='word_1_61' title='bbox 298 1090 378 1147; x_wconf 75' lang='lat' dir='ltr'><strong>Quod</strong></span> <span class='ocrx_word' id='word_1_62' title='bbox 395 1089 433 1141; x_wconf 84' lang='lat' dir='ltr'><strong>itu</strong></span> <span class='ocrx_word' id='word_1_63' title='bbox 449 1088 513 1140; x_wconf 86' lang='lat' dir='ltr'><strong>dicit</strong></span> <span class='ocrx_word' id='word_1_64' title='bbox 529 1086 561 1138; x_wconf 82' lang='lat' dir='ltr'><strong>sd</strong></span> <span class='ocrx_word' id='word_1_65' title='bbox 580 1086 784 1153; x_wconf 76' lang='lat' dir='ltr'><strong>magnitudinem</strong></span> <span class='ocrx_word' id='word_1_66' title='bbox 802 1089 898 1141; x_wconf 83' lang='lat' dir='ltr'><strong>umoris</strong></span> <span class='ocrx_word' id='word_1_67' title='bbox 916 1088 1111 1157; x_wconf 74' lang='lat' dir='ltr'><strong>declarandum,</strong></span> <span class='ocrx_word' id='word_1_68' title='bbox 1138 1106 1189 1145; x_wconf 91' lang='lat' dir='ltr'><strong>non</strong></span> 
     </span>
    </p>
   </div>
   <div class='ocr_carea' id='block_1_3' title="bbox 174 1186 1302 1262">
    <p class='ocr_par' dir='ltr' id='par_1_3' title="bbox 174 1186 1302 1262">
     <span class='ocr_line' id='line_1_8' title="bbox 174 1186 1302 1262; baseline -0.003 -16"><span class='ocrx_word' id='word_1_69' title='bbox 174 1194 248 1262; x_wconf 85' lang='lat' dir='ltr'><strong>qussi</strong></span> <span class='ocrx_word' id='word_1_70' title='bbox 266 1190 409 1245; x_wconf 76' lang='lat' dir='ltr'><strong>credulita</strong></span> <span class='ocrx_word' id='word_1_71' title='bbox 426 1188 548 1242; x_wconf 78' lang='lat' dir='ltr'><strong>futurum.</strong></span> <span class='ocrx_word' id='word_1_72' title='bbox 584 1186 639 1240; x_wconf 85' lang='lat' dir='ltr'><strong>Sed</strong></span> <span class='ocrx_word' id='word_1_73' title='bbox 656 1189 801 1254; x_wconf 76' lang='lat' dir='ltr'><strong>laetabitur,</strong></span> <span class='ocrx_word' id='word_1_74' title='bbox 819 1190 842 1242; x_wconf 90' lang='lat' dir='ltr'><strong>si</strong></span> <span class='ocrx_word' id='word_1_75' title='bbox 860 1190 937 1243; x_wconf 88' lang='lat' dir='ltr'><strong>modo</strong></span> <span class='ocrx_word' id='word_1_76' title='bbox 951 1191 1015 1244; x_wconf 90' lang='lat' dir='ltr'><strong>illud</strong></span> <span class='ocrx_word' id='word_1_77' title='bbox 1033 1193 1190 1260; x_wconf 79' lang='lat' dir='ltr'><strong>impetrare·</strong></span> <span class='ocrx_word' id='word_1_78' title='bbox 1288 1213 1302 1228; x_wconf 92' lang='lat'><strong>·</strong></span> 
     </span>
    </p>
   </div>
   <div class='ocr_carea' id='block_1_4' title="bbox 171 1271 1190 2653">
    <p class='ocr_par' dir='ltr' id='par_1_4' title="bbox 171 1271 1190 2653">
     <span class='ocr_line' id='line_1_9' title="bbox 172 1271 1189 1360; baseline -0.002 -15"><span class='ocrx_word' id='word_1_79' title='bbox 172 1294 208 1345; x_wconf 87' lang='lat' dir='ltr'><strong>rit</strong></span> <span class='ocrx_word' id='word_1_80' title='bbox 228 1290 268 1342; x_wconf 85' lang='lat' dir='ltr'><strong>bis</strong></span> <span class='ocrx_word' id='word_1_81' title='bbox 286 1271 421 1357; x_wconf 76' lang='lat' dir='ltr'><strong>precibus,</strong></span> <span class='ocrx_word' id='word_1_82' title='bbox 450 1294 481 1340; x_wconf 90' lang='lat' dir='ltr'><strong>ut</strong></span> <span class='ocrx_word' id='word_1_83' title='bbox 497 1284 609 1339; x_wconf 87' lang='lat' dir='ltr'><strong>subinde</strong></span> <span class='ocrx_word' id='word_1_84' title='bbox 625 1284 694 1338; x_wconf 87' lang='lat' dir='ltr'><strong>lores</strong></span> <span class='ocrx_word' id='word_1_85' title='bbox 712 1288 814 1353; x_wconf 82' lang='lat' dir='ltr'><strong>uperiut</strong></span> <span class='ocrx_word' id='word_1_86' title='bbox 831 1288 907 1342; x_wconf 77' lang='lat' dir='ltr'><strong>Delie</strong></span> <span class='ocrx_word' id='word_1_87' title='bbox 923 1291 1018 1343; x_wconf 89' lang='lat' dir='ltr'><strong>iterum</strong></span> <span class='ocrx_word' id='word_1_88' title='bbox 1035 1296 1063 1343; x_wconf 92' lang='lat' dir='ltr'><strong>et</strong></span> <span class='ocrx_word' id='word_1_89' title='bbox 1080 1290 1189 1360; x_wconf 80' lang='lat' dir='ltr'><strong>recipiat</strong></span> 
     </span>
     <span class='ocr_line' id='line_1_10' title="bbox 171 1385 1187 1461; baseline 0 -15"><span class='ocrx_word' id='word_1_90' title='bbox 171 1385 310 1447; x_wconf 80' lang='lat' dir='ltr'><strong>umentem.</strong></span> <span class='ocrx_word' id='word_1_91' title='bbox 344 1390 405 1442; x_wconf 68' lang='lat' dir='ltr'><strong>&#39;Est</strong></span> <span class='ocrx_word' id='word_1_92' title='bbox 432 1389 514 1457; x_wconf 79' lang='lat' dir='ltr'><strong>igitur</strong></span> <span class='ocrx_word' id='word_1_93' title='bbox 543 1403 620 1441; x_wconf 84' lang='lat' dir='ltr'><strong>verus</strong></span> <span class='ocrx_word' id='word_1_94' title='bbox 647 1403 756 1441; x_wconf 73' lang='lat' dir='ltr'><strong>senense</strong></span> <span class='ocrx_word' id='word_1_95' title='bbox 784 1389 881 1442; x_wconf 84' lang='lat' dir='ltr'><strong>utinum</strong></span> <span class='ocrx_word' id='word_1_96' title='bbox 909 1406 993 1444; x_wconf 86' lang='lat' dir='ltr'><strong>essem</strong></span> <span class='ocrx_word' id='word_1_97' title='bbox 1016 1418 1053 1432; x_wconf 90' lang='grc'>-</span> <span class='ocrx_word' id='word_1_98' title='bbox 1077 1408 1187 1461; x_wconf 88' lang='lat' dir='ltr'><strong>possem.</strong></span> 
     </span>
     <span class='ocr_line' id='line_1_11' title="bbox 173 1485 1190 1560; baseline -0.001 -14"><span class='ocrx_word' id='word_1_99' title='bbox 173 1489 250 1546; x_wconf 77' lang='lat' dir='ltr'><strong>Quod</strong></span> <span class='ocrx_word' id='word_1_100' title='bbox 269 1503 331 1542; x_wconf 78' lang='lat' dir='ltr'><strong>vero</strong></span> <span class='ocrx_word' id='word_1_101' title='bbox 348 1489 484 1544; x_wconf 74' lang='lat' dir='ltr'><strong>nervosius</strong></span> <span class='ocrx_word' id='word_1_102' title='bbox 500 1486 600 1540; x_wconf 77' lang='lat' dir='ltr'><strong>directa</strong></span> <span class='ocrx_word' id='word_1_103' title='bbox 616 1485 806 1551; x_wconf 77' lang='lat' dir='ltr'><strong>significatione</strong></span> <span class='ocrx_word' id='word_1_104' title='bbox 824 1489 877 1540; x_wconf 80' lang='lat' dir='ltr'><strong>noti</strong></span> <span class='ocrx_word' id='word_1_105' title='bbox 897 1505 944 1556; x_wconf 88' lang='lat' dir='ltr'><strong>per</strong></span> <span class='ocrx_word' id='word_1_106' title='bbox 960 1492 1108 1560; x_wconf 75' lang='lat' dir='ltr'><strong>praesentia</strong></span> <span class='ocrx_word' id='word_1_107' title='bbox 1122 1497 1190 1546; x_wconf 86' lang='lat' dir='ltr'><strong>tem-</strong></span> 
     </span>
     <span class='ocr_line' id='line_1_12' title="bbox 173 1585 1190 1658; baseline 0.001 -16"><span class='ocrx_word' id='word_1_108' title='bbox 173 1605 238 1658; x_wconf 84' lang='lat' dir='ltr'><strong>potu</strong></span> <span class='ocrx_word' id='word_1_109' title='bbox 254 1605 316 1642; x_wconf 85' lang='lat' dir='ltr'><strong>usus</strong></span> <span class='ocrx_word' id='word_1_110' title='bbox 334 1595 389 1654; x_wconf 86' lang='lat' dir='ltr'><strong>est,</strong></span> <span class='ocrx_word' id='word_1_111' title='bbox 417 1604 469 1642; x_wconf 91' lang='lat' dir='ltr'><strong>uon</strong></span> <span class='ocrx_word' id='word_1_112' title='bbox 493 1585 661 1655; x_wconf 78' lang='lat' dir='ltr'><strong>hypothetica</strong></span> <span class='ocrx_word' id='word_1_113' title='bbox 686 1602 734 1656; x_wconf 85' lang='lat' dir='ltr'><strong>per</strong></span> <span class='ocrx_word' id='word_1_114' title='bbox 751 1586 917 1656; x_wconf 83' lang='lat' dir='ltr'><strong>imperfests‚</strong></span> <span class='ocrx_word' id='word_1_115' title='bbox 945 1588 979 1642; x_wconf 85' lang='lat' dir='ltr'><strong>de</strong></span> <span class='ocrx_word' id='word_1_116' title='bbox 997 1604 1030 1642; x_wconf 93' lang='lat' dir='ltr'><strong>eo</strong></span> <span class='ocrx_word' id='word_1_117' title='bbox 1047 1590 1106 1644; x_wconf 85' lang='lat' dir='ltr'><strong>ride</strong></span> <span class='ocrx_word' id='word_1_118' title='bbox 1123 1604 1190 1658; x_wconf 86' lang='lat' dir='ltr'><strong>quse</strong></span> 
     </span>
     <span class='ocr_line' id='line_1_13' title="bbox 174 1684 1189 1756; baseline 0.002 -15"><span class='ocrx_word' id='word_1_119' title='bbox 174 1688 284 1756; x_wconf 83' lang='lat' dir='ltr'><strong>exposui</strong></span> <span class='ocrx_word' id='word_1_120' title='bbox 304 1688 330 1738; x_wconf 91' lang='lat' dir='ltr'><strong>in</strong></span> <span class='ocrx_word' id='word_1_121' title='bbox 348 1687 399 1739; x_wconf 83' lang='lat' dir='ltr'><strong>tine</strong></span> <span class='ocrx_word' id='word_1_122' title='bbox 421 1686 617 1739; x_wconf 72' lang='lat' dir='ltr'><strong>Dissertatiouis</strong></span> <span class='ocrx_word' id='word_1_123' title='bbox 640 1684 673 1737; x_wconf 88' lang='lat' dir='ltr'><strong>de</strong></span> <span class='ocrx_word' id='word_1_124' title='bbox 697 1685 855 1739; x_wconf 86' lang='lat' dir='ltr'><strong>Elocutioue</strong></span> <span class='ocrx_word' id='word_1_125' title='bbox 872 1686 978 1739; x_wconf 87' lang='lat' dir='ltr'><strong>Tibulli.</strong></span> <span class='ocrx_word' id='word_1_126' title='bbox 1014 1689 1089 1742; x_wconf 79' lang='lat' dir='ltr'><strong>Adde</strong></span> <span class='ocrx_word' id='word_1_127' title='bbox 1107 1690 1189 1743; x_wconf 84' lang='lat' dir='ltr'><strong>Ovrn.</strong></span> 
     </span>
     <span class='ocr_line' id='line_1_14' title="bbox 174 1781 1189 1856; baseline 0.002 -17"><span class='ocrx_word' id='word_1_128' title='bbox 174 1785 241 1840; x_wconf 74' lang='lat' dir='ltr'><strong>utet.</strong></span> <span class='ocrx_word' id='word_1_129' title='bbox 259 1785 333 1850; x_wconf 84' lang='lat' dir='ltr'><strong>xlv,</strong></span> <span class='ocrx_word' id='word_1_130' title='bbox 352 1788 404 1837; x_wconf 74' lang='lat'><strong>192</strong></span> <span class='ocrx_word' id='word_1_131' title='bbox 420 1800 492 1851; x_wconf 64' lang='lat' dir='ltr'><strong>squ:</strong></span> <span class='ocrx_word' id='word_1_132' title='bbox 517 1785 539 1834; x_wconf 94' lang='grc'><em>0</em></span> <span class='ocrx_word' id='word_1_133' title='bbox 557 1785 583 1836; x_wconf 79' lang='lat' dir='ltr'><strong>si</strong></span> <span class='ocrx_word' id='word_1_134' title='bbox 601 1782 663 1854; x_wconf 81' lang='lat' dir='ltr'><strong>quis</strong></span> <span class='ocrx_word' id='word_1_135' title='bbox 681 1781 786 1852; x_wconf 82' lang='lat' dir='ltr'><strong>referat</strong></span> <span class='ocrx_word' id='word_1_136' title='bbox 803 1783 869 1834; x_wconf 83' lang='lat' dir='ltr'><strong>milri</strong></span> <span class='ocrx_word' id='word_1_137' title='bbox 887 1809 922 1825; x_wconf 89' lang='lat'>-</span> <span class='ocrx_word' id='word_1_138' title='bbox 941 1802 1023 1856; x_wconf 83' lang='lat' dir='ltr'><strong>quam</strong></span> <span class='ocrx_word' id='word_1_139' title='bbox 1040 1786 1090 1844; x_wconf 78' lang='lat' dir='ltr'><strong>sit,</strong></span> <span class='ocrx_word' id='word_1_140' title='bbox 1110 1804 1148 1855; x_wconf 90' lang='lat' dir='ltr'><strong>pr.</strong></span> <span class='ocrx_word' id='word_1_141' title='bbox 1166 1790 1189 1841; x_wconf 85' lang='lat' dir='ltr'><strong>si</strong></span> 
     </span>
     <span class='ocr_line' id='line_1_15' title="bbox 175 1884 1189 1954; baseline 0.003 -18"><span class='ocrx_word' id='word_1_142' title='bbox 175 1885 233 1951; x_wconf 83' lang='lat' dir='ltr'><strong>quis</strong></span> <span class='ocrx_word' id='word_1_143' title='bbox 248 1884 357 1936; x_wconf 76' lang='lat' dir='ltr'><strong>referret</strong></span> <span class='ocrx_word' id='word_1_144' title='bbox 372 1911 410 1922; x_wconf 92' lang='lat'>-</span> <span class='ocrx_word' id='word_1_145' title='bbox 426 1900 503 1952; x_wconf 81' lang='lat' dir='ltr'><strong>quum</strong></span> <span class='ocrx_word' id='word_1_146' title='bbox 521 1891 599 1937; x_wconf 87' lang='lat' dir='ltr'><strong>esset.</strong></span> <span class='ocrx_word' id='word_1_147' title='bbox 617 1911 654 1922; x_wconf 90' lang='lat'>-</span> <span class='ocrx_word' id='word_1_148' title='bbox 672 1884 704 1937; x_wconf 89' lang='lat' dir='ltr'><strong>V.</strong></span> <span class='ocrx_word' id='word_1_149' title='bbox 723 1889 759 1936; x_wconf 80' lang='lat' dir='ltr'><strong>tr</strong></span> <span class='ocrx_word' id='word_1_150' title='bbox 776 1900 833 1951; x_wconf 86' lang='lat' dir='ltr'><strong>sqq.</strong></span> <span class='ocrx_word' id='word_1_151' title='bbox 870 1884 941 1941; x_wconf 82' lang='lat' dir='ltr'><strong>outd</strong></span> <span class='ocrx_word' id='word_1_152' title='bbox 958 1884 1064 1938; x_wconf 77' lang='lat' dir='ltr'><strong>divitiae</strong></span> <span class='ocrx_word' id='word_1_153' title='bbox 1082 1895 1189 1954; x_wconf 89' lang='lat' dir='ltr'><strong>prosunt</strong></span> 
     </span>
     <span class='ocr_line' id='line_1_16' title="bbox 173 1981 1189 2051; baseline -0.003 -13"><span class='ocrx_word' id='word_1_154' title='bbox 173 1987 228 2038; x_wconf 82' lang='lat' dir='ltr'><strong>sine</strong></span> <span class='ocrx_word' id='word_1_155' title='bbox 253 1985 349 2037; x_wconf 85' lang='lat' dir='ltr'><strong>umoris</strong></span> <span class='ocrx_word' id='word_1_156' title='bbox 372 1984 478 2038; x_wconf 80' lang='lat' dir='ltr'><strong>tructul</strong></span> <span class='ocrx_word' id='word_1_157' title='bbox 523 1985 644 2038; x_wconf 79' lang='lat' dir='ltr'><strong>Suaviter</strong></span> <span class='ocrx_word' id='word_1_158' title='bbox 668 1997 732 2035; x_wconf 86' lang='lat' dir='ltr'><strong>vero</strong></span> <span class='ocrx_word' id='word_1_159' title='bbox 758 1981 865 2049; x_wconf 77' lang='lat' dir='ltr'><strong>Tyrium</strong></span> <span class='ocrx_word' id='word_1_160' title='bbox 890 1998 1031 2051; x_wconf 73' lang='lat' dir='ltr'><strong>purpuram</strong></span> <span class='ocrx_word' id='word_1_161' title='bbox 1055 1991 1189 2049; x_wconf 79' lang='lat' dir='ltr'><strong>memoret,</strong></span> 
     </span>
     <span class='ocr_line' id='line_1_17' title="bbox 172 2082 1189 2150; baseline -0.004 -9"><span class='ocrx_word' id='word_1_162' title='bbox 172 2101 231 2141; x_wconf 85' lang='lat' dir='ltr'><strong>uum</strong></span> <span class='ocrx_word' id='word_1_163' title='bbox 259 2086 337 2139; x_wconf 89' lang='lat' dir='ltr'><strong>ruodo</strong></span> <span class='ocrx_word' id='word_1_164' title='bbox 363 2085 396 2138; x_wconf 89' lang='lat' dir='ltr'><strong>de</strong></span> <span class='ocrx_word' id='word_1_165' title='bbox 421 2085 590 2139; x_wconf 79' lang='lat' dir='ltr'><strong>orientalibus</strong></span> <span class='ocrx_word' id='word_1_166' title='bbox 616 2082 693 2136; x_wconf 88' lang='lat' dir='ltr'><strong>rebus</strong></span> <span class='ocrx_word' id='word_1_167' title='bbox 719 2098 806 2136; x_wconf 85' lang='lat' dir='ltr'><strong>sermo</strong></span> <span class='ocrx_word' id='word_1_168' title='bbox 830 2082 917 2136; x_wconf 80' lang='lat' dir='ltr'><strong>luerit.</strong></span> <span class='ocrx_word' id='word_1_169' title='bbox 934 2111 971 2124; x_wconf 88' lang='lat'>-</span> <span class='ocrx_word' id='word_1_170' title='bbox 1005 2083 1107 2150; x_wconf 80' lang='lat' dir='ltr'><strong>lietu,</strong></span> <span class='ocrx_word' id='word_1_171' title='bbox 1132 2087 1189 2138; x_wconf 85' lang='lat' dir='ltr'><strong>eine</strong></span> 
     </span>
     <span class='ocr_line' id='line_1_18' title="bbox 171 2182 1187 2258; baseline -0.006 -16"><span class='ocrx_word' id='word_1_172' title='bbox 171 2189 373 2258; x_wconf 79' lang='lat' dir='ltr'><strong>praepositione,</strong></span> <span class='ocrx_word' id='word_1_173' title='bbox 391 2193 420 2240; x_wconf 87' lang='lat' dir='ltr'><strong>ut</strong></span> <span class='ocrx_word' id='word_1_174' title='bbox 435 2188 520 2240; x_wconf 82' lang='lat' dir='ltr'><strong>Vnru.</strong></span> <span class='ocrx_word' id='word_1_175' title='bbox 541 2187 604 2238; x_wconf 73' lang='lat' dir='ltr'><strong>Aen.</strong></span> <span class='ocrx_word' id='word_1_176' title='bbox 623 2184 671 2250; x_wconf 90' lang='lat' dir='ltr'><strong>ltt,</strong></span> <span class='ocrx_word' id='word_1_177' title='bbox 687 2187 757 2237; x_wconf 75' lang='lat' dir='ltr'><strong>ool:</strong></span> <span class='ocrx_word' id='word_1_178' title='bbox 775 2182 899 2238; x_wconf 78' lang='lat' dir='ltr'><strong>&lt;lentibus</strong></span> <span class='ocrx_word' id='word_1_179' title='bbox 912 2182 1068 2254; x_wconf 81' lang='lat' dir='ltr'><strong>infrendens</strong></span> <span class='ocrx_word' id='word_1_180' title='bbox 1084 2185 1187 2255; x_wconf 76' lang='lat' dir='ltr'><strong>gentitis</strong></span> 
     </span>
     <span class='ocr_line' id='line_1_19' title="bbox 174 2285 1187 2357; baseline -0.002 -16"><span class='ocrx_word' id='word_1_181' title='bbox 174 2288 249 2352; x_wconf 76' lang='lat' dir='ltr'><strong>dixit,</strong></span> <span class='ocrx_word' id='word_1_182' title='bbox 264 2294 292 2339; x_wconf 85' lang='lat' dir='ltr'><strong>el</strong></span> <span class='ocrx_word' id='word_1_183' title='bbox 309 2290 405 2342; x_wconf 80' lang='lat' dir='ltr'><strong>Graeci</strong></span> <span class='ocrx_word' id='word_1_184' title='bbox 422 2288 547 2357; x_wconf 77' lang='grc' dir='ltr'><strong>στοναχῇ,</strong></span> <span class='ocrx_word' id='word_1_185' title='bbox 567 2297 716 2352; x_wconf 68' lang='grc' dir='ltr'><strong><em>στοναχαῖς,</em></strong></span> <span class='ocrx_word' id='word_1_186' title='bbox 735 2285 843 2357; x_wconf 73' lang='grc' dir='ltr'><em>οἰμωγῇ,</em></span> <span class='ocrx_word' id='word_1_187' title='bbox 862 2287 956 2353; x_wconf 79' lang='grc' dir='ltr'><em>μυγμῷ</em></span> <span class='ocrx_word' id='word_1_188' title='bbox 973 2286 1070 2352; x_wconf 69' lang='lat' dir='ltr'><strong>dicuni,</strong></span> <span class='ocrx_word' id='word_1_189' title='bbox 1088 2286 1121 2339; x_wconf 85' lang='lat' dir='ltr'><strong>cl.</strong></span> <span class='ocrx_word' id='word_1_190' title='bbox 1140 2302 1187 2340; x_wconf 82' lang='lat' dir='ltr'><strong>noe</strong></span> 
     </span>
     <span class='ocr_line' id='line_1_20' title="bbox 172 2389 1189 2458; baseline 0.001 -16"><span class='ocrx_word' id='word_1_191' title='bbox 172 2389 204 2442; x_wconf 81' lang='lat' dir='ltr'><strong>ud</strong></span> <span class='ocrx_word' id='word_1_192' title='bbox 223 2392 308 2443; x_wconf 84' lang='lat' dir='ltr'><strong>Pruu.</strong></span> <span class='ocrx_word' id='word_1_193' title='bbox 327 2392 407 2445; x_wconf 59' lang='lat' dir='ltr'><strong>Nemi</strong></span> <span class='ocrx_word' id='word_1_194' title='bbox 420 2391 455 2456; x_wconf 77' lang='grc' dir='ltr'><strong>Χ,</strong></span> <span class='ocrx_word' id='word_1_195' title='bbox 473 2396 518 2446; x_wconf 73' lang='lat'><strong>75.</strong></span> <span class='ocrx_word' id='word_1_196' title='bbox 536 2414 572 2429; x_wconf 93' lang='lat'><em>-</em></span> <span class='ocrx_word' id='word_1_197' title='bbox 593 2390 689 2441; x_wconf 83' lang='lat' dir='ltr'><strong>veuit</strong></span> <span class='ocrx_word' id='word_1_198' title='bbox 706 2390 893 2455; x_wconf 75' lang='lat' dir='ltr'><strong>significantius</strong></span> <span class='ocrx_word' id='word_1_199' title='bbox 912 2395 1011 2458; x_wconf 90' lang='lat' dir='ltr'><strong>ponunt</strong></span> <span class='ocrx_word' id='word_1_200' title='bbox 1028 2405 1067 2458; x_wconf 88' lang='lat' dir='ltr'><strong>pr.</strong></span> <span class='ocrx_word' id='word_1_201' title='bbox 1086 2398 1141 2446; x_wconf 85' lang='lat' dir='ltr'><strong>est,</strong></span> <span class='ocrx_word' id='word_1_202' title='bbox 1160 2397 1189 2443; x_wconf 87' lang='lat' dir='ltr'><strong>ut</strong></span> 
     </span>
     <span class='ocr_line' id='line_1_21' title="bbox 172 2490 1188 2559; baseline 0.002 -15"><span class='ocrx_word' id='word_1_203' title='bbox 172 2492 207 2544; x_wconf 88' lang='lat' dir='ltr'><strong>de</strong></span> <span class='ocrx_word' id='word_1_204' title='bbox 225 2493 343 2559; x_wconf 84' lang='lat' dir='ltr'><strong>personis</strong></span> <span class='ocrx_word' id='word_1_205' title='bbox 360 2494 401 2545; x_wconf 79' lang='lat' dir='ltr'><strong>itu</strong></span> <span class='ocrx_word' id='word_1_206' title='bbox 415 2493 448 2544; x_wconf 88' lang='lat' dir='ltr'><strong>de</strong></span> <span class='ocrx_word' id='word_1_207' title='bbox 466 2492 544 2545; x_wconf 84' lang='lat' dir='ltr'><strong>rebus</strong></span> <span class='ocrx_word' id='word_1_208' title='bbox 560 2490 679 2544; x_wconf 81' lang='lat' dir='ltr'><strong>iucundis</strong></span> <span class='ocrx_word' id='word_1_209' title='bbox 697 2498 724 2544; x_wconf 89' lang='lat' dir='ltr'><strong>et</strong></span> <span class='ocrx_word' id='word_1_210' title='bbox 742 2491 902 2557; x_wconf 85' lang='lat' dir='ltr'><strong>iniucundis,</strong></span> <span class='ocrx_word' id='word_1_211' title='bbox 921 2491 995 2546; x_wconf 85' lang='lat' dir='ltr'><strong>bonis</strong></span> <span class='ocrx_word' id='word_1_212' title='bbox 1013 2493 1145 2558; x_wconf 75' lang='lat' dir='ltr'><strong>studiis,</strong></span> <span class='ocrx_word' id='word_1_213' title='bbox 1164 2509 1188 2546; x_wconf 83' lang='lat' dir='ltr'><strong>r.</strong></span> 
     </span>
     <span class='ocr_line' id='line_1_22' title="bbox 172 2588 1188 2653; baseline 0.001 -10"><span class='ocrx_word' id='word_1_214' title='bbox 172 2606 197 2643; x_wconf 86' lang='lat' dir='ltr'><strong>c.</strong></span> <span class='ocrx_word' id='word_1_215' title='bbox 215 2591 358 2644; x_wconf 74' lang='lat' dir='ltr'><strong>Puomr.</strong></span> <span class='ocrx_word' id='word_1_216' title='bbox 376 2589 398 2653; x_wconf 87' lang='lat' dir='ltr'><strong>l,</strong></span> <span class='ocrx_word' id='word_1_217' title='bbox 420 2593 463 2652; x_wconf 76' lang='lat' dir='ltr'><strong>te,</strong></span> <span class='ocrx_word' id='word_1_218' title='bbox 486 2591 534 2643; x_wconf 76' lang='lat'><strong>142</strong></span> <span class='ocrx_word' id='word_1_219' title='bbox 562 2608 614 2643; x_wconf 83' lang='lat' dir='ltr'><strong>non</strong></span> <span class='ocrx_word' id='word_1_220' title='bbox 638 2588 681 2640; x_wconf 85' lang='lat' dir='ltr'><strong>ita</strong></span> <span class='ocrx_word' id='word_1_221' title='bbox 706 2606 790 2639; x_wconf 82' lang='lat' dir='ltr'><strong>sueva</strong></span> <span class='ocrx_word' id='word_1_222' title='bbox 814 2599 906 2642; x_wconf 84' lang='lat' dir='ltr'><strong>tumen</strong></span> <span class='ocrx_word' id='word_1_223' title='bbox 928 2590 1030 2641; x_wconf 84' lang='lat' dir='ltr'><strong>venerit</strong></span> <span class='ocrx_word' id='word_1_224' title='bbox 1053 2591 1097 2643; x_wconf 84' lang='lat' dir='ltr'><strong>im</strong></span> <span class='ocrx_word' id='word_1_225' title='bbox 1121 2610 1188 2648; x_wconf 83' lang='lat' dir='ltr'><strong>ntea.</strong></span> 
     </span>
    </p>
   </div>
   <div class='ocr_carea' id='block_1_5' title="bbox 156 2685 1247 4150">
    <p class='ocr_par' dir='ltr' id='par_1_5' title="bbox 156 2685 1247 4150">
     <span class='ocr_line' id='line_1_23' title="bbox 171 2685 1188 2755; baseline 0.004 -14"><span class='ocrx_word' id='word_1_226' title='bbox 171 2687 241 2742; x_wconf 79' lang='lat' dir='ltr'><strong>Add.</strong></span> <span class='ocrx_word' id='word_1_227' title='bbox 269 2688 341 2740; x_wconf 81' lang='lat' dir='ltr'><strong>loros</strong></span> <span class='ocrx_word' id='word_1_228' title='bbox 366 2703 410 2755; x_wconf 84' lang='lat' dir='ltr'><strong>up.</strong></span> <span class='ocrx_word' id='word_1_229' title='bbox 436 2686 535 2740; x_wconf 82' lang='lat' dir='ltr'><strong>Eurus.</strong></span> <span class='ocrx_word' id='word_1_230' title='bbox 560 2687 593 2740; x_wconf 84' lang='lat' dir='ltr'><strong>ed</strong></span> <span class='ocrx_word' id='word_1_231' title='bbox 621 2685 698 2740; x_wconf 84' lang='lat' dir='ltr'><strong>Ouid.</strong></span> <span class='ocrx_word' id='word_1_232' title='bbox 724 2685 797 2741; x_wconf 84' lang='lat' dir='ltr'><strong>Fsst.</strong></span> <span class='ocrx_word' id='word_1_233' title='bbox 815 2687 849 2750; x_wconf 79' lang='lat' dir='ltr'><strong>V,</strong></span> <span class='ocrx_word' id='word_1_234' title='bbox 866 2689 927 2738; x_wconf 78' lang='lat'><strong>64⁸.</strong></span> <span class='ocrx_word' id='word_1_235' title='bbox 956 2688 1131 2744; x_wconf 78' lang='lat' dir='ltr'><strong>Mrrsuusru.</strong></span> <span class='ocrx_word' id='word_1_236' title='bbox 1154 2692 1188 2745; x_wconf 83' lang='lat' dir='ltr'><strong>ed</strong></span> 
     </span>
     <span class='ocr_line' id='line_1_24' title="bbox 172 2775 1187 2852; baseline 0.004 -14"><span class='ocrx_word' id='word_1_237' title='bbox 172 2785 265 2839; x_wconf 73' lang='lat' dir='ltr'><strong>Horut.</strong></span> <span class='ocrx_word' id='word_1_238' title='bbox 282 2786 304 2852; x_wconf 89' lang='lat'><strong>1,</strong></span> <span class='ocrx_word' id='word_1_239' title='bbox 325 2789 366 2851; x_wconf 81' lang='grc'><strong>19,</strong></span> <span class='ocrx_word' id='word_1_240' title='bbox 385 2787 428 2839; x_wconf 88' lang='lat' dir='ltr'><strong>lin.</strong></span> <span class='ocrx_word' id='word_1_241' title='bbox 464 2784 591 2838; x_wconf 83' lang='lat' dir='ltr'><strong>Conlems</strong></span> <span class='ocrx_word' id='word_1_242' title='bbox 609 2786 687 2837; x_wconf 82' lang='lat' dir='ltr'><strong>etium</strong></span> <span class='ocrx_word' id='word_1_243' title='bbox 705 2785 836 2836; x_wconf 82' lang='lat' dir='ltr'><strong>(ireseum</strong></span> <span class='ocrx_word' id='word_1_244' title='bbox 855 2775 909 2850; x_wconf 68' lang='grc' dir='ltr'><strong>ἥκει</strong></span> <span class='ocrx_word' id='word_1_245' title='bbox 927 2785 1025 2850; x_wconf 75' lang='lat' dir='ltr'><strong>ptpsr,</strong></span> <span class='ocrx_word' id='word_1_246' title='bbox 1043 2785 1187 2842; x_wconf 71' lang='lat' dir='ltr'><strong>Vuucsurt.</strong></span> 
     </span>
     <span class='ocr_line' id='line_1_25' title="bbox 172 2877 1185 2951; baseline -0.006 -12"><span class='ocrx_word' id='word_1_247' title='bbox 172 2886 205 2940; x_wconf 82' lang='lat' dir='ltr'><strong>ud</strong></span> <span class='ocrx_word' id='word_1_248' title='bbox 229 2887 363 2941; x_wconf 80' lang='lat' dir='ltr'><strong>Pluoeniss.</strong></span> <span class='ocrx_word' id='word_1_249' title='bbox 388 2891 451 2941; x_wconf 75' lang='lat'><strong>260.</strong></span> <span class='ocrx_word' id='word_1_250' title='bbox 480 2894 509 2940; x_wconf 90' lang='lat' dir='ltr'><strong>et</strong></span> <span class='ocrx_word' id='word_1_251' title='bbox 535 2877 715 2939; x_wconf 69' lang='lat' dir='ltr'><strong>Suniussuu.</strong></span> <span class='ocrx_word' id='word_1_252' title='bbox 745 2885 779 2937; x_wconf 85' lang='lat' dir='ltr'><strong>ud</strong></span> <span class='ocrx_word' id='word_1_253' title='bbox 803 2884 870 2938; x_wconf 81' lang='lat' dir='ltr'><strong>Plet.</strong></span> <span class='ocrx_word' id='word_1_254' title='bbox 893 2883 1015 2951; x_wconf 74' lang='lat' dir='ltr'><strong>Sympos.</strong></span> <span class='ocrx_word' id='word_1_255' title='bbox 1041 2900 1067 2950; x_wconf 91' lang='lat' dir='ltr'><strong>p.</strong></span> <span class='ocrx_word' id='word_1_256' title='bbox 1090 2887 1135 2935; x_wconf 81' lang='grc'><strong>66.</strong></span> <span class='ocrx_word' id='word_1_257' title='bbox 1152 2912 1185 2926; x_wconf 89' lang='grc'><strong>-</strong></span> 
     </span>
     <span class='ocr_line' id='line_1_26' title="bbox 171 2981 1188 3056; baseline -0.002 -17"><span class='ocrx_word' id='word_1_258' title='bbox 171 2990 328 3054; x_wconf 75' lang='lat' dir='ltr'><strong>stragulo</strong></span> <span class='ocrx_word' id='word_1_259' title='bbox 347 2986 443 3056; x_wconf 79' lang='lat' dir='ltr'><strong>pieta</strong></span> <span class='ocrx_word' id='word_1_260' title='bbox 460 2982 599 3051; x_wconf 73' lang='lat' dir='ltr'><strong>(iustiore</strong></span> <span class='ocrx_word' id='word_1_261' title='bbox 618 2984 722 3055; x_wconf 75' lang='lat' dir='ltr'><strong>Declep</strong></span> <span class='ocrx_word' id='word_1_262' title='bbox 740 2983 788 3034; x_wconf 86' lang='lat' dir='ltr'><strong>mit</strong></span> <span class='ocrx_word' id='word_1_263' title='bbox 807 2981 955 3049; x_wconf 78' lang='lat' dir='ltr'><strong>Sticlerer).</strong></span> <span class='ocrx_word' id='word_1_264' title='bbox 980 2981 1038 3034; x_wconf 80' lang='lat' dir='ltr'><strong>Cre.</strong></span> <span class='ocrx_word' id='word_1_265' title='bbox 1057 2981 1137 3034; x_wconf 73' lang='lat' dir='ltr'><strong>&#39;ruse</strong></span> <span class='ocrx_word' id='word_1_266' title='bbox 1155 2984 1188 3049; x_wconf 82' lang='lat' dir='ltr'><strong>V,</strong></span> 
     </span>
     <span class='ocr_line' id='line_1_27' title="bbox 173 3079 1188 3149; baseline -0.004 -12"><span class='ocrx_word' id='word_1_267' title='bbox 173 3088 225 3139; x_wconf 73' lang='lat' dir='ltr'><strong>urs</strong></span> <span class='ocrx_word' id='word_1_268' title='bbox 250 3084 380 3138; x_wconf 81' lang='lat' dir='ltr'><strong>Collocari</strong></span> <span class='ocrx_word' id='word_1_269' title='bbox 397 3085 480 3138; x_wconf 83' lang='lat' dir='ltr'><strong>iussit</strong></span> <span class='ocrx_word' id='word_1_270' title='bbox 498 3082 630 3136; x_wconf 75' lang='lat' dir='ltr'><strong>bominem</strong></span> <span class='ocrx_word' id='word_1_271' title='bbox 647 3083 677 3136; x_wconf 83' lang='lat' dir='ltr'><strong>in</strong></span> <span class='ocrx_word' id='word_1_272' title='bbox 694 3102 777 3137; x_wconf 82' lang='lat' dir='ltr'><strong>aureo</strong></span> <span class='ocrx_word' id='word_1_273' title='bbox 794 3083 878 3140; x_wconf 84' lang='lat' dir='ltr'><strong>lecto,</strong></span> <span class='ocrx_word' id='word_1_274' title='bbox 895 3090 985 3134; x_wconf 81' lang='lat' dir='ltr'><strong>struto</strong></span> <span class='ocrx_word' id='word_1_275' title='bbox 1000 3079 1188 3149; x_wconf 75' lang='lat' dir='ltr'><strong>pulcherrimo,</strong></span> 
     </span>
     <span class='ocr_line' id='line_1_28' title="bbox 172 3180 1188 3255; baseline 0.003 -24"><span class='ocrx_word' id='word_1_276' title='bbox 172 3181 264 3233; x_wconf 84' lang='lat' dir='ltr'><strong>textili</strong></span> <span class='ocrx_word' id='word_1_277' title='bbox 286 3183 412 3255; x_wconf 79' lang='lat' dir='ltr'><strong>stragulo</strong></span> <span class='ocrx_word' id='word_1_278' title='bbox 437 3181 590 3254; x_wconf 81' lang='lat' dir='ltr'><strong>magnificis</strong></span> <span class='ocrx_word' id='word_1_279' title='bbox 616 3180 739 3251; x_wconf 77' lang='lat' dir='ltr'><strong>operibus</strong></span> <span class='ocrx_word' id='word_1_280' title='bbox 758 3182 843 3251; x_wconf 80' lang='lat' dir='ltr'><strong>picto·</strong></span> <span class='ocrx_word' id='word_1_281' title='bbox 878 3181 945 3235; x_wconf 75' lang='lat' dir='ltr'><strong>Add.</strong></span> <span class='ocrx_word' id='word_1_282' title='bbox 969 3180 1130 3234; x_wconf 74' lang='lat' dir='ltr'><strong>Htstrtuotrr.</strong></span> <span class='ocrx_word' id='word_1_283' title='bbox 1155 3182 1188 3234; x_wconf 82' lang='lat' dir='ltr'><strong>ud</strong></span> 
     </span>
     <span class='ocr_line' id='line_1_29' title="bbox 173 3279 1189 3352; baseline -0.004 -17"><span class='ocrx_word' id='word_1_284' title='bbox 173 3281 267 3335; x_wconf 79' lang='lat' dir='ltr'><strong>Horut.</strong></span> <span class='ocrx_word' id='word_1_285' title='bbox 284 3284 340 3337; x_wconf 85' lang='lat' dir='ltr'><strong>Sut.</strong></span> <span class='ocrx_word' id='word_1_286' title='bbox 358 3285 392 3350; x_wconf 88' lang='lat' dir='ltr'><strong>ll,</strong></span> <span class='ocrx_word' id='word_1_287' title='bbox 411 3288 437 3347; x_wconf 78' lang='lat' dir='ltr'><strong>o,</strong></span> <span class='ocrx_word' id='word_1_288' title='bbox 457 3287 519 3336; x_wconf 83' lang='grc'><strong>116.</strong></span> <span class='ocrx_word' id='word_1_289' title='bbox 533 3311 570 3322; x_wconf 94' lang='grc'>-</span> <span class='ocrx_word' id='word_1_290' title='bbox 588 3284 725 3336; x_wconf 87' lang='lat' dir='ltr'><strong>sonitus</strong></span> <span class='ocrx_word' id='word_1_291' title='bbox 744 3283 901 3352; x_wconf 73' lang='lat' dir='ltr'><strong>placidae</strong></span> <span class='ocrx_word' id='word_1_292' title='bbox 916 3295 1029 3347; x_wconf 78' lang='lat' dir='ltr'><strong>equae.</strong></span> <span class='ocrx_word' id='word_1_293' title='bbox 1064 3279 1189 3346; x_wconf 78' lang='lat' dir='ltr'><strong>intelligit</strong></span> 
     </span>
     <span class='ocr_line' id='line_1_30' title="bbox 171 3378 1188 3449; baseline 0 -14"><span class='ocrx_word' id='word_1_294' title='bbox 171 3383 285 3448; x_wconf 82' lang='lat' dir='ltr'><strong>silenos,</strong></span> <span class='ocrx_word' id='word_1_295' title='bbox 310 3397 374 3449; x_wconf 83' lang='lat' dir='ltr'><strong>quos</strong></span> <span class='ocrx_word' id='word_1_296' title='bbox 393 3382 485 3436; x_wconf 83' lang='lat' dir='ltr'><strong>divites</strong></span> <span class='ocrx_word' id='word_1_297' title='bbox 502 3382 614 3436; x_wconf 83' lang='lat' dir='ltr'><strong>Romuul</strong></span> <span class='ocrx_word' id='word_1_298' title='bbox 634 3382 659 3435; x_wconf 88' lang='lat' dir='ltr'><strong>in</strong></span> <span class='ocrx_word' id='word_1_299' title='bbox 677 3382 785 3435; x_wconf 74' lang='lat' dir='ltr'><strong>aedibus</strong></span> <span class='ocrx_word' id='word_1_300' title='bbox 803 3380 939 3435; x_wconf 74' lang='lat' dir='ltr'><strong>habebunt</strong></span> <span class='ocrx_word' id='word_1_301' title='bbox 974 3378 1096 3432; x_wconf 79' lang='lat' dir='ltr'><strong>Laudant</strong></span> <span class='ocrx_word' id='word_1_302' title='bbox 1113 3378 1188 3435; x_wconf 80' lang='lat' dir='ltr'><strong>Cur.-</strong></span> 
     </span>
     <span class='ocr_line' id='line_1_31' title="bbox 156 3478 1187 3554; baseline -0.004 -19"><span class='ocrx_word' id='word_1_303' title='bbox 156 3479 225 3536; x_wconf 52' lang='lat' dir='ltr'><strong>&#39;suu</strong></span> <span class='ocrx_word' id='word_1_304' title='bbox 243 3482 292 3549; x_wconf 83' lang='lat' dir='ltr'><strong>lli,</strong></span> <span class='ocrx_word' id='word_1_305' title='bbox 311 3486 360 3534; x_wconf 73' lang='lat'><strong>182</strong></span> <span class='ocrx_word' id='word_1_306' title='bbox 377 3481 488 3554; x_wconf 84' lang='lat' dir='ltr'><strong>Confert</strong></span> <span class='ocrx_word' id='word_1_307' title='bbox 504 3482 588 3534; x_wconf 86' lang='lat' dir='ltr'><strong>etium</strong></span> <span class='ocrx_word' id='word_1_308' title='bbox 605 3481 713 3554; x_wconf 78' lang='lat' dir='ltr'><strong>aliquid</strong></span> <span class='ocrx_word' id='word_1_309' title='bbox 728 3481 767 3531; x_wconf 79' lang='lat' dir='ltr'><strong>ad</strong></span> <span class='ocrx_word' id='word_1_310' title='bbox 783 3497 903 3533; x_wconf 83' lang='lat' dir='ltr'><strong>somnum</strong></span> <span class='ocrx_word' id='word_1_311' title='bbox 920 3478 1026 3531; x_wconf 82' lang='lat' dir='ltr'><strong>silanus</strong></span> <span class='ocrx_word' id='word_1_312' title='bbox 1042 3478 1124 3531; x_wconf 77' lang='lat' dir='ltr'><strong>iustu</strong></span> <span class='ocrx_word' id='word_1_313' title='bbox 1139 3497 1187 3531; x_wconf 85' lang='lat' dir='ltr'><strong>cu·</strong></span> 
     </span>
     <span class='ocr_line' id='line_1_32' title="bbox 171 3579 1186 3655; baseline 0.004 -24"><span class='ocrx_word' id='word_1_314' title='bbox 171 3581 251 3639; x_wconf 74' lang='lat' dir='ltr'><strong>dens,</strong></span> <span class='ocrx_word' id='word_1_315' title='bbox 280 3587 308 3635; x_wconf 91' lang='lat' dir='ltr'><strong>et</strong></span> <span class='ocrx_word' id='word_1_316' title='bbox 333 3582 437 3636; x_wconf 83' lang='lat' dir='ltr'><strong>Snnsc.</strong></span> <span class='ocrx_word' id='word_1_317' title='bbox 463 3584 548 3655; x_wconf 82' lang='lat' dir='ltr'><strong>Epist.</strong></span> <span class='ocrx_word' id='word_1_318' title='bbox 567 3588 628 3639; x_wconf 86' lang='lat' dir='ltr'><strong>too.</strong></span> <span class='ocrx_word' id='word_1_319' title='bbox 657 3585 767 3640; x_wconf 77' lang='lat' dir='ltr'><strong>Quaest.</strong></span> <span class='ocrx_word' id='word_1_320' title='bbox 788 3580 823 3632; x_wconf 92' lang='lat' dir='ltr'><strong>N.</strong></span> <span class='ocrx_word' id='word_1_321' title='bbox 848 3579 895 3646; x_wconf 86' lang='lat'>111,</span> <span class='ocrx_word' id='word_1_322' title='bbox 921 3583 962 3633; x_wconf 80' lang='lat' dir='ltr'><strong>tr.</strong></span> <span class='ocrx_word' id='word_1_323' title='bbox 980 3608 1017 3621; x_wconf 93' lang='lat'>-</span> <span class='ocrx_word' id='word_1_324' title='bbox 1046 3580 1186 3643; x_wconf 82' lang='lat' dir='ltr'><strong>ducere,</strong></span> 
     </span>
     <span class='ocr_line' id='line_1_33' title="bbox 171 3676 1247 3751; baseline -0.001 -19"><span class='ocrx_word' id='word_1_325' title='bbox 171 3677 197 3734; x_wconf 90' lang='lat' dir='ltr'><strong>lr.</strong></span> <span class='ocrx_word' id='word_1_326' title='bbox 216 3697 239 3735; x_wconf 90' lang='lat' dir='ltr'><strong>e.</strong></span> <span class='ocrx_word' id='word_1_327' title='bbox 256 3682 396 3748; x_wconf 74' lang='lat' dir='ltr'><strong>adducere,</strong></span> <span class='ocrx_word' id='word_1_328' title='bbox 414 3682 524 3736; x_wconf 72' lang='lat' dir='ltr'><strong>Hoetu.</strong></span> <span class='ocrx_word' id='word_1_329' title='bbox 542 3681 628 3751; x_wconf 79' lang='lat' dir='ltr'><strong>Epod.</strong></span> <span class='ocrx_word' id='word_1_330' title='bbox 645 3680 719 3743; x_wconf 83' lang='lat' dir='ltr'><strong>xlv,</strong></span> <span class='ocrx_word' id='word_1_331' title='bbox 736 3684 764 3733; x_wconf 75' lang='lat' dir='ltr'><strong>a.</strong></span> <span class='ocrx_word' id='word_1_332' title='bbox 789 3676 872 3730; x_wconf 81' lang='lat' dir='ltr'><strong>Ourn.</strong></span> <span class='ocrx_word' id='word_1_333' title='bbox 891 3677 957 3731; x_wconf 83' lang='lat' dir='ltr'><strong>Met.</strong></span> <span class='ocrx_word' id='word_1_334' title='bbox 974 3677 1009 3744; x_wconf 87' lang='lat' dir='ltr'><strong>lt,</strong></span> <span class='ocrx_word' id='word_1_335' title='bbox 1027 3682 1088 3733; x_wconf 75' lang='lat' dir='ltr'><strong>teu.</strong></span> <span class='ocrx_word' id='word_1_336' title='bbox 1106 3686 1134 3732; x_wconf 89' lang='lat' dir='ltr'><strong>et</strong></span> <span class='ocrx_word' id='word_1_337' title='bbox 1152 3681 1186 3732; x_wconf 81' lang='lat' dir='ltr'><strong>el.</strong></span> <span class='ocrx_word' id='word_1_338' title='bbox 1243 3746 1247 3751; x_wconf 89' lang='lat'><strong>.</strong></span> 
     </span>
     <span class='ocr_line' id='line_1_34' title="bbox 171 3777 1186 3849; baseline 0 -22"><span class='ocrx_word' id='word_1_339' title='bbox 171 3777 282 3831; x_wconf 82' lang='lat' dir='ltr'><strong>Omnino</strong></span> <span class='ocrx_word' id='word_1_340' title='bbox 307 3786 444 3849; x_wconf 74' lang='lat' dir='ltr'><strong>postumm</strong></span> <span class='ocrx_word' id='word_1_341' title='bbox 467 3788 508 3836; x_wconf 87' lang='lat' dir='ltr'><strong>eet</strong></span> <span class='ocrx_word' id='word_1_342' title='bbox 531 3779 692 3849; x_wconf 79' lang='lat' dir='ltr'><strong>simplicibus</strong></span> <span class='ocrx_word' id='word_1_343' title='bbox 718 3777 757 3829; x_wconf 87' lang='lat' dir='ltr'><strong>uti</strong></span> <span class='ocrx_word' id='word_1_344' title='bbox 782 3789 831 3846; x_wconf 86' lang='lat' dir='ltr'><strong>pro</strong></span> <span class='ocrx_word' id='word_1_345' title='bbox 854 3778 1005 3846; x_wconf 78' lang='lat' dir='ltr'><strong>compositis</strong></span> <span class='ocrx_word' id='word_1_346' title='bbox 1031 3779 1075 3830; x_wconf 91' lang='lat' dir='ltr'><strong>ubi</strong></span> <span class='ocrx_word' id='word_1_347' title='bbox 1097 3778 1186 3841; x_wconf 74' lang='lat' dir='ltr'><strong>lingue</strong></span> 
     </span>
     <span class='ocr_line' id='line_1_35' title="bbox 170 3874 1187 3949; baseline 0.002 -22"><span class='ocrx_word' id='word_1_348' title='bbox 170 3874 230 3941; x_wconf 76' lang='lat' dir='ltr'><strong>tert,</strong></span> <span class='ocrx_word' id='word_1_349' title='bbox 247 3885 275 3930; x_wconf 89' lang='lat' dir='ltr'><strong>et</strong></span> <span class='ocrx_word' id='word_1_350' title='bbox 292 3894 382 3934; x_wconf 88' lang='lat' dir='ltr'><strong>eorum</strong></span> <span class='ocrx_word' id='word_1_351' title='bbox 401 3880 446 3948; x_wconf 86' lang='lat' dir='ltr'><strong>qul</strong></span> <span class='ocrx_word' id='word_1_352' title='bbox 465 3883 592 3949; x_wconf 74' lang='lat' dir='ltr'><strong>poetieam</strong></span> <span class='ocrx_word' id='word_1_353' title='bbox 611 3880 755 3933; x_wconf 74' lang='lat' dir='ltr'><strong>orationem</strong></span> <span class='ocrx_word' id='word_1_354' title='bbox 772 3878 906 3931; x_wconf 77' lang='lat' dir='ltr'><strong>imitantur</strong></span> <span class='ocrx_word' id='word_1_355' title='bbox 919 3884 949 3929; x_wconf 88' lang='lat' dir='ltr'><strong>ut</strong></span> <span class='ocrx_word' id='word_1_356' title='bbox 966 3878 1084 3931; x_wconf 77' lang='lat' dir='ltr'><strong>Tacitus·</strong></span> <span class='ocrx_word' id='word_1_357' title='bbox 1119 3875 1187 3929; x_wconf 80' lang='lat' dir='ltr'><strong>l&#39;ide</strong></span> 
     </span>
     <span class='ocr_line' id='line_1_36' title="bbox 168 3975 1186 4049; baseline -0.004 -20"><span class='ocrx_word' id='word_1_358' title='bbox 168 3992 237 4044; x_wconf 78' lang='lat' dir='ltr'><strong>qnae</strong></span> <span class='ocrx_word' id='word_1_359' title='bbox 255 3979 336 4033; x_wconf 71' lang='lat' dir='ltr'><strong>Foru.</strong></span> <span class='ocrx_word' id='word_1_360' title='bbox 356 3984 502 4037; x_wconf 82' lang='lat' dir='ltr'><strong>Gdurrturr</strong></span> <span class='ocrx_word' id='word_1_361' title='bbox 526 3982 634 4049; x_wconf 73' lang='lat' dir='ltr'><strong>collegit</strong></span> <span class='ocrx_word' id='word_1_362' title='bbox 655 3981 681 4033; x_wconf 92' lang='lat' dir='ltr'><strong>iu</strong></span> <span class='ocrx_word' id='word_1_363' title='bbox 706 3978 840 4033; x_wconf 75' lang='lat' dir='ltr'><strong>Athenaeo</strong></span> <span class='ocrx_word' id='word_1_364' title='bbox 857 3976 891 4028; x_wconf 84' lang='lat' dir='ltr'><strong>sb</strong></span> <span class='ocrx_word' id='word_1_365' title='bbox 909 3976 966 4043; x_wconf 91' lang='lat' dir='ltr'><strong>lpso</strong></span> <span class='ocrx_word' id='word_1_366' title='bbox 985 3980 1012 4027; x_wconf 88' lang='lat' dir='ltr'><strong>et</strong></span> <span class='ocrx_word' id='word_1_367' title='bbox 1031 3975 1186 4026; x_wconf 77' lang='lat' dir='ltr'><strong>Wrurrsnu-</strong></span> 
     </span>
     <span class='ocr_line' id='line_1_37' title="bbox 169 4075 1187 4150; baseline -0.005 -20"><span class='ocrx_word' id='word_1_368' title='bbox 169 4092 237 4130; x_wconf 78' lang='lat' dir='ltr'><strong>nuto</strong></span> <span class='ocrx_word' id='word_1_369' title='bbox 257 4078 344 4145; x_wconf 88' lang='lat' dir='ltr'><strong>edito,</strong></span> <span class='ocrx_word' id='word_1_370' title='bbox 370 4082 429 4136; x_wconf 81' lang='lat' dir='ltr'><strong>Vol.</strong></span> <span class='ocrx_word' id='word_1_371' title='bbox 447 4082 482 4135; x_wconf 93' lang='lat' dir='ltr'><strong>ll.</strong></span> <span class='ocrx_word' id='word_1_372' title='bbox 503 4081 566 4135; x_wconf 79' lang='lat' dir='ltr'><strong>lese.</strong></span> <span class='ocrx_word' id='word_1_373' title='bbox 585 4081 620 4137; x_wconf 84' lang='grc' dir='ltr'><strong>ΙΙ.</strong></span> <span class='ocrx_word' id='word_1_374' title='bbox 638 4100 663 4150; x_wconf 88' lang='lat' dir='ltr'><strong>p.</strong></span> <span class='ocrx_word' id='word_1_375' title='bbox 682 4082 736 4132; x_wconf 74' lang='lat' dir='ltr'><strong>too</strong></span> <span class='ocrx_word' id='word_1_376' title='bbox 754 4096 811 4147; x_wconf 84' lang='lat' dir='ltr'><strong>sqq.</strong></span> <span class='ocrx_word' id='word_1_377' title='bbox 848 4075 925 4145; x_wconf 78' lang='lat' dir='ltr'><strong>Apud</strong></span> <span class='ocrx_word' id='word_1_378' title='bbox 944 4075 1076 4128; x_wconf 87' lang='lat' dir='ltr'><strong>Tibullum</strong></span> <span class='ocrx_word' id='word_1_379' title='bbox 1092 4075 1130 4127; x_wconf 85' lang='lat' dir='ltr'><strong>sic</strong></span> <span class='ocrx_word' id='word_1_380' title='bbox 1147 4082 1187 4126; x_wconf 77' lang='lat' dir='ltr'><strong>est</strong></span> 
     </span>
    </p>
   </div>
   <div class='ocr_carea' id='block_1_6' title="bbox 167 4174 1186 4251">
    <p class='ocr_par' dir='ltr' id='par_1_6' title="bbox 167 4174 1186 4251">
     <span class='ocr_line' id='line_1_38' title="bbox 167 4174 1186 4251; baseline 0.001 -24"><span class='ocrx_word' id='word_1_381' title='bbox 167 4176 275 4230; x_wconf 82' lang='lat' dir='ltr'><strong>mittere</strong></span> <span class='ocrx_word' id='word_1_382' title='bbox 295 4197 334 4251; x_wconf 85' lang='lat' dir='ltr'><strong>pr.</strong></span> <span class='ocrx_word' id='word_1_383' title='bbox 353 4181 484 4237; x_wconf 84' lang='lat' dir='ltr'><strong>dimittere</strong></span> <span class='ocrx_word' id='word_1_384' title='bbox 502 4181 523 4245; x_wconf 87' lang='lat' dir='ltr'><strong>l,</strong></span> <span class='ocrx_word' id='word_1_385' title='bbox 539 4185 566 4246; x_wconf 79' lang='grc'><strong>6,</strong></span> <span class='ocrx_word' id='word_1_386' title='bbox 583 4185 619 4245; x_wconf 85' lang='grc'><strong>9.,</strong></span> <span class='ocrx_word' id='word_1_387' title='bbox 637 4178 739 4234; x_wconf 82' lang='lat' dir='ltr'><strong>solator</strong></span> <span class='ocrx_word' id='word_1_388' title='bbox 758 4179 819 4234; x_wconf 88' lang='lat' dir='ltr'><strong>ibid.</strong></span> <span class='ocrx_word' id='word_1_389' title='bbox 838 4193 862 4231; x_wconf 79' lang='lat' dir='ltr'><strong>r.</strong></span> <span class='ocrx_word' id='word_1_390' title='bbox 874 4180 927 4239; x_wconf 62' lang='lat' dir='ltr'><strong>lb„</strong></span> <span class='ocrx_word' id='word_1_391' title='bbox 944 4174 1042 4228; x_wconf 86' lang='lat' dir='ltr'><strong>missus</strong></span> <span class='ocrx_word' id='word_1_392' title='bbox 1057 4190 1094 4244; x_wconf 86' lang='lat' dir='ltr'><strong>pr.</strong></span> <span class='ocrx_word' id='word_1_393' title='bbox 1109 4175 1186 4229; x_wconf 83' lang='lat' dir='ltr'><strong>ernis·</strong></span> 
     </span>
    </p>
   </div>
   <div class='ocr_carea' id='block_1_7' title="bbox 0 0 1510 4725">
    <p class='ocr_par' dir='ltr' id='par_1_7' title="bbox 0 0 1510 4725">
     <span class='ocr_line' id='line_1_39' title="bbox 0 0 1510 4725; baseline 0 1"><span class='ocrx_word' id='word_1_394' title='bbox 0 0 1510 4725; x_wconf 95' lang='lat' dir='ltr'><strong> </strong></span> 
     </span>
    </p>
   </div>
  </div>
 </body>
</html>
