3009 4725
308 411 333 487 4
628 404 814 482 TIBULLI
847 405 933 487 LIB.
953 408 980 485 Ι.
998 424 1023 481 1.

348 596 398 668 Te
421 590 547 668 bellare
572 590 669 667 decet
694 610 803 685 terra,
836 593 1002 684 Messala,
1035 594 1206 697 marique,

399 724 447 795 Ut
472 721 594 795 domus
620 720 760 796 hostiles
786 722 958 823 praeferat
982 723 1136 796 exniias:

305 851 408 924 55Me
434 849 581 923 retinent
604 849 756 926 vinctum
780 852 951 927 formosae
976 850 1086 926 vincla
1112 848 1264 951 puellae,

396 977 441 1051 Et
464 975 567 1052 sedeo
594 978 699 1053 duras
722 979 849 1054 ianitor
873 997 951 1055 ante
975 979 1076 1054 fores.

346 1109 425 1182 Non
449 1134 515 1208 ego
540 1106 675 1183 laudari
701 1137 803 1183 curo:
837 1136 913 1183 mea
938 1107 1056 1199 Delia,
1086 1127 1196 1183 tecum

396 1240 490 1312 Dum
516 1238 620 1312 modo
644 1240 725 1329 sim,
751 1267 878 1341 quaeso
899 1239 1013 1338 segnis
1034 1239 1195 1340 inersque
1216 1266 1317 1312 vocer

345 1369 394 1441 Te
421 1386 588 1469 spectem,
622 1395 782 1470 suprema
805 1367 890 1441 mibi
916 1396 993 1442 cum
1017 1367 1147 1442 venerit
1171 1367 1275 1457 hora,

305 1515 343 1570 60
399 1500 450 1571 Te
476 1515 607 1572 teneam
634 1498 783 1572 moriens
810 1496 988 1573 deficiente
1012 1527 1131 1573 manu·

344 1626 458 1701 Flebis
486 1642 518 1700 et
541 1654 662 1701 arsuro
686 1627 838 1729 positum
860 1654 932 1718 me,
966 1628 1086 1718 Delia,
1118 1625 1225 1716 lecto,

397 1755 570 1830 Tristibus
593 1773 626 1829 et
651 1753 801 1830 lacrimis
827 1755 945 1832 oscula
968 1758 1071 1832 mixta
1098 1755 1208 1834 dabis.

344 1882 476 1960 Flebis:
514 1911 586 1959 non
607 1902 666 1959 tua
688 1903 771 1961 sunt
795 1885 885 1961 duro
910 1885 1113 1989 praecordia
1137 1887 1229 1960 ferro

395 2014 536 2104 Vincta,
570 2042 634 2089 nee
660 2014 698 2090 in
722 2033 841 2091 tenero
867 2034 935 2091 stat
956 2018 1019 2091 tibi
1045 2015 1147 2092 corde
1173 2011 1264 2086 silex.

302 2143 408 2219 eslllo
433 2172 505 2218 non
527 2143 658 2219 iuvenis
683 2147 810 2247 poterit
838 2146 881 2220 de
906 2146 1026 2218 funere
1052 2142 1233 2244 qnisquam

395 2273 561 2365 Lumina,
593 2304 665 2350 non
689 2276 805 2376 virgo,
837 2275 928 2348 sicea
951 2272 1077 2346 relbrre
1104 2270 1256 2344 domum.

341 2406 394 2478 Tu
421 2406 543 2479 Manes
569 2432 615 2480 ne
640 2405 738 2479 laede
763 2431 875 2491 meos,
910 2402 972 2476 sed
996 2429 1099 2505 parce
1126 2399 1246 2474 solutis

395 2533 557 2609 Crinibus
582 2553 615 2610 et
638 2533 781 2624 teneris,
814 2530 934 2622 Delia,
964 2558 1068 2634 parce
1094 2528 1200 2630 genis.

342 2665 493 2754 Interea,
526 2664 704 2739 dunstato
729 2664 865 2752 sinunt,
895 2662 1079 2762 iungamus
1105 2686 1256 2734 amores:

304 2815 342 2871 70
400 2796 471 2869 lam
500 2794 609 2869 veniet
633 2794 784 2868 tenebris
810 2820 903 2867 mors
931 2792 1095 2891 adoperta
1121 2806 1242 2890 eaput,

340 2926 413 2999 Iam
439 2925 602 3024 subrepet
625 2923 717 2996 iners
744 2939 856 3010 aetas,
889 2947 1001 3021 neque
1026 2947 1140 2993 amare
1168 2917 1311 3006 decebit,

391 3052 515 3128 Dicere
539 3079 602 3126 nee
627 3078 713 3126 cano
734 3048 920 3125 blanditias
947 3048 1060 3150 capiti.

340 3181 441 3256 Nune
452 3179 533 3254 levis
545 3197 596 3254 est
607 3178 786 3254 narranda
797 3182 926 3268 Venus,
946 3178 1029 3251 dum
1040 3178 1197 3277 frangere
1208 3182 1323 3278 posteb

388 3312 467 3384 Non
492 3308 600 3412 pudet
621 3327 654 3384 et
682 3309 773 3383 rixas
799 3307 983 3383 inseruisse
1005 3308 1105 3380 iuvat.

303 3439 412 3513 asflic
430 3466 493 3536 ego
512 3438 582 3513 dux
598 3439 765 3540 milesque
781 3438 912 3512 bonus:
938 3463 1008 3525 vos,
1029 3435 1128 3531 signa
1144 3431 1323 3527 tubaeque,
1361 3464 1363 3470 s
1462 3454 1479 3475 *¹

391 3569 441 3641 lte
464 3565 604 3669 procul,
637 3566 773 3668 cupidis
799 3565 939 3641 vulnera
964 3563 1048 3636 ferte
1073 3558 1163 3633 viris.

372 3889 462 3944 VM.
485 3889 692 3945 Laonutrmuss
719 3902 800 3943 curo,
824 3904 882 3940 mea
900 3881 997 3939 Delia.-
1022 3892 1119 3935 tecum·

373 4014 406 4069 V.
416 4019 461 4068 71.
481 4030 595 4083 neque
618 4015 674 4068 ture
696 4013 841 4083 praelatum
862 4028 879 4065 a
897 4012 1091 4074 Laeuiano,
1116 4005 1195 4058 etiam
1211 4003 1325 4057 mnis-

302 4123 402 4163 otsnsu
426 4113 559 4180 praebent.
