3009 4725
297 399 336 457 18
532 383 812 453 conrnuENTAR.
833 385 878 448 IN
900 387 1072 451 TIBULLI

298 589 388 629 rernm
406 570 528 625 reiicersa
544 583 604 622 cum
621 568 769 622 Hnsenxro
786 569 904 636 aliisque,
922 572 966 622 utri
982 573 1051 624 nuiia
1065 578 1106 625 est
1118 573 1256 642 emphasis,
1273 592 1320 629 nec

301 680 386 732 miuus
409 673 477 727 maie
501 685 560 724 cum
584 671 684 724 Vesano
712 671 790 738 pisae
816 670 933 723 eiiceres.
977 671 1101 725 Ceterum
1118 674 1227 727 aundm
1246 692 1321 729 usum

301 791 379 844 quem
397 787 465 826 nune
483 787 508 824 r.
526 778 583 826 aar.
611 770 690 822 etlam
706 768 775 821 aiios
797 783 888 821 omnes
906 772 1013 823 rocuiae
1029 773 1055 824 in
1073 774 1245 828 collocatione
1262 792 1321 828 rer-

299 880 391 931 borum
413 872 516 925 nabent.
557 867 683 939 Erigitur
708 865 806 938 ubique
828 878 857 919 er
883 867 994 921 aeuitur
1019 880 1147 924 aemulus
1173 873 1322 926 rhetoricen

300 973 483 1031 antecedentia
501 970 572 1024 vecie
589 967 710 1022 rubiaro
734 967 793 1019 alia
818 966 926 1022 leviori,
951 985 1022 1039 quoe
1045 981 1183 1023 accentum
1199 991 1253 1025 non
1270 972 1321 1023 Ιια.

303 1078 373 1132 beel.
410 1077 518 1148 nequ·
536 1087 566 1125 re
587 1071 649 1124 olim
667 1069 719 1123 alio
742 1072 802 1123 loeo
826 1069 982 1137 explicatius
1000 1070 1093 1124 dicem.
1130 1072 1197 1126 Nam
1214 1080 1256 1126 est
1272 1089 1323 1126 uua

303 1197 336 1236 ex
351 1178 457 1233 summis
475 1174 576 1242 legibus
590 1171 767 1224 collocationis
781 1170 926 1225 verborum.
938 1197 972 1210 —
992 1173 1024 1227 V.
1035 1177 1072 1226 35
1083 1189 1122 1241 sq.
1159 1175 1237 1240 Hic,
1255 1174 1325 1243 apud

302 1294 361 1344 me,
386 1278 413 1329 lu
438 1288 496 1326 meo
521 1269 627 1340 praedio
652 1268 723 1319 nulla
745 1267 818 1319 robis
844 1267 955 1336 praeda,
978 1275 1037 1324 'oum
1062 1279 1192 1341 pretorem
1218 1276 1323 1325 turtum

304 1378 441 1450 quotannis
459 1379 486 1426 et
503 1371 595 1424 Pelem
613 1369 714 1437 placem
729 1372 759 1419 ut
776 1373 879 1419 tueatur
897 1382 1014 1434 gregem.
1051 1367 1101 1423 Est
1118 1372 1197 1438 igitur
1213 1369 1258 1420 liic
1274 1385 1325 1437 op-

305 1478 418 1547 positum
435 1472 535 1526 verbis:
554 1468 586 1519 dr
606 1485 703 1538 magno
719 1483 815 1538 gregr.
832 1468 915 1535 qualis
935 1469 960 1520 in
979 1470 1037 1522 aliis
1052 1472 1123 1537 agris
1141 1477 1190 1536 ert,
1208 1477 1235 1523 et
1252 1470 1326 1523 vides

305 1579 391 1632 omnia
409 1575 507 1643 optime
525 1571 620 1629 iuncta.
637 1568 706 1635 quod
726 1575 833 1636 propter
850 1569 988 1621 narrum
1005 1583 1107 1622 moneo.
1141 1570 1228 1622 Porro
1244 1583 1327 1632 sacra,

307 1679 342 1731 de
359 1676 453 1742 quibes
471 1677 548 1741 poeta
564 1669 686 1734 loquitur,
703 1665 797 1718 Psillis
815 1673 884 1730 sunt,
900 1665 926 1717 d.
940 1665 1014 1720 XXi.
1027 1669 1088 1735 Apr.
1107 1665 1234 1719 eeiebrari
1250 1666 1326 1718 solita

304 1795 352 1850 pro
378 1788 474 1845 pecore
497 1777 525 1824 et
550 1768 712 1838 pastoribus,
738 1766 773 1819 ci.
792 1767 875 1819 Ovio.
894 1766 966 1819 Fest.
984 1766 1031 1831 iv,
1048 1769 1100 1819 ‘lui
1119 1781 1175 1833 sqq·
1211 1765 1326 1818 Primum

306 1876 427 1948 purgatio
446 1872 547 1942 peeoris
565 1868 628 1931 init,
652 1865 685 1917 de
704 1879 756 1932 qua
773 1869 845 1918 taret
863 1863 904 1917 iric
920 1864 1050 1918 Tibullus.
1084 1864 1150 1917 Post
1166 1863 1247 1930 dapes
1264 1876 1326 1913 rere

307 1980 374 2029 iaets
392 1975 493 2039 sigeum
510 1968 577 2021 deae
595 1978 721 2034 sparsum,
741 1978 795 2030 qno
807 1964 938 2031 pertinent
951 1964 1046 2016 Ormrr
1063 1962 1154 2014 verbm
1171 1956 1325 2010 Silvicolam

308 2076 397 2146 tepide
415 2074 486 2126 lecte
501 2084 612 2138 precare
629 2065 732 2122 Palem,
750 2073 782 2118 ut
797 2065 916 2118 similiter
933 2062 999 2115 infre
1017 2062 1052 2126 li,
1069 2065 1097 2125 θ,
1108 2062 1158 2110 uic
1176 2058 1272 2108 Parem
1283 2053 1325 2105 vi-

307 2177 381 2229 debis
406 2174 473 2225 iacto
496 2167 650 2220 madentem.
686 2164 789 2216 luteres
806 2173 897 2229 preces
916 2160 987 2210 narn
1023 2155 1090 2208 Tum
1110 2155 1187 2208 etiam
1205 2158 1325 2220 pastores

308 2273 497 2334 lustrabantur,
520 2275 548 2320 et
565 2265 590 2318 iri
609 2265 712 2334 quidem
731 2259 837 2316 Baccho
859 2256 953 2311 madidi
980 2254 1100 2307 ardentes
1119 2252 1227 2321 stipular
1249 2226 1324 2303 trau-

306 2376 436 2438 silientes‚
462 2369 496 2424 ci.
515 2370 575 2424 Tib.
594 2368 628 2434 ll,
645 2373 672 2433 5,
689 2371 733 2419 eo.
770 2364 842 2415 nuos
859 2359 940 2426 igitur
956 2355 1016 2409 festi
1034 2355 1099 2408 titus
1119 2354 1234 2424 potiora
1250 2366 1324 2405 eom·

306 2490 451 2530 memorans
468 2472 548 2524 instar
566 2469 677 2521 omnium
695 2465 776 2515 utitur
794 2462 926 2529 particulis
943 2475 1060 2527 que-
1077 2463 1128 2523 et,
1154 2456 1249 2524 quibus
1266 2455 1326 2508 ien-

308 2582 418 2642 gnntur,
437 2575 509 2623 recte
527 2574 632 2621 notante
648 2563 890 2625 Ψυηυιςιιιοιιο,
908 2566 938 2611 nt
955 2556 1067 2610 Graecis
1084 2557 1113 2606 ri
1130 2582 1166 2595 -
1184 2561 1243 2620 rai,
1259 2570 1328 2621 qnae

308 2672 342 2724 ad
359 2685 435 2723 onan
454 2684 509 2721 rem
525 2662 718 2719 describendam
736 2660 881 2729 pertineat,
899 2658 978 2710 veluti
996 2656 1018 2722 l,
1035 2660 1062 2721 e,
1079 2659 1124 2709 Ἃ.
1143 2660 1170 2722 d,
1186 2658 1231 2709 dl.
1268 2654 1327 2707 Ms-

311 2782 489 2839 meminero,
513 2769 716 2841 progredientes
735 2766 828 2818 minori
845 2764 879 2817 ad
897 2766 994 2830 maius,
1018 2763 1128 2832 primum
1153 2761 1264 2832 pastoris
1287 2761 1327 2812 ln·

310 2880 475 2941 strationem,
497 2879 551 2924 tum
570 2871 647 2921 ritum
666 2864 805 2934 spargendi
823 2863 929 2927 Palem,
952 2863 1002 2915 etsi
1020 2863 1047 2914 iu
1065 2862 1133 2915 iesto
1150 2862 1208 2930 ipso
1224 2866 1329 2912 eontra-

308 2980 363 3033 rins
380 2976 446 3030 ordo
464 2962 549 3026 rernm
567 2973 645 3020 esron
663 2984 699 3002 -·
720 2964 751 3016 V.
767 2965 813 3014 86.
831 2960 1020 3029 placidam,
1044 2965 1076 3012 ut
1094 2957 1195 3028 placida
1212 2960 1260 3022 sit,
1278 2972 1328 3027 per

309 3078 441 3149 prolepsin
460 3071 545 3141 poetis
561 3064 762 3119 usitatissimam.
799 3059 867 3112 Vide
885 3075 927 3127 ap.
945 3058 1080 3111 Tibullum
1098 3058 1120 3124 l,
1137 3061 1165 3123 2,
1182 3061 1209 3110 d.
1220 3054 1325 3123 firmem

311 3180 333 3245 l,
357 3180 383 3241 8,
402 3179 446 3228 06.
472 3165 573 3237 insigni
580 3184 591 3226 ,·
620 3165 642 3229 1,
666 3169 695 3228 i,
717 3165 761 3215 ⁶1.
794 3164 822 3226 θ,
841 3162 884 3215 16.
909 3158 1031 3220 nitidus,-
1059 3158 1081 3225 1,
1103 3158 1129 3222 9,
1154 3162 1180 3210 l.
1204 3156 1329 3213 ruperunt

310 3279 346 3344 11,
365 3281 391 3343 ³,
416 3279 442 3327 9.
467 3265 592 3341 graciles.
605 3292 643 3304 -
671 3263 787 3331 Singulis
806 3263 967 3331 perlustratis
985 3259 1019 3313 de
1038 3258 1158 3312 univerae
1176 3254 1329 3308 tractatione

311 3378 410 3445 aliquid
427 3370 573 3427 addendum
591 3382 650 3421 esse
664 3367 749 3421 rideo.
785 3362 1008 3422 Quemadmodum
1025 3373 1104 3430 snpra
1121 3358 1154 3410 de
1172 3351 1328 3423 plantatione

313 3483 341 3528 et
358 3475 466 3528 deornm
484 3470 655 3539 agricolarum
672 3468 744 3519 cuitu
764 3465 844 3529 dixit,
866 3465 903 3515 ita
921 3476 988 3513 nnuc
1006 3460 1039 3512 de
1058 3456 1178 3527 pecuaria
1195 3458 1223 3505 et
1240 3454 1328 3521 prato-

313 3574 388 3625 ritias
405 3571 471 3621 deae
488 3570 575 3634 onitu,
594 3584 661 3634 quae
678 3569 764 3620 ruanis
780 3570 821 3620 ert
837 3561 1002 3616 concinnitas
1038 3551 1226 3623 Reprehendas
1243 3556 1330 3605 nmen

312 3667 383 3722 aliud
405 3666 490 3734 primo
514 3665 656 3734 adspectu,
683 3667 717 3719 de
734 3680 786 3731 quo
804 3677 871 3715 nuno
889 3672 991 3712 moneo.
1036 3656 1102 3709 Cum
1122 3654 1191 3708 euim
1208 3652 1235 3705 in
1252 3662 1331 3718 nupe—
1358 3710 1363 3717 ,

312 3762 382 3816 riore
401 3762 459 3813 loeo
480 3773 579 3813 meram
597 3768 624 3814 et
641 3762 763 3815 Cererem
781 3756 976 3821 memoraverit,
998 3752 1032 3807 de
1049 3751 1166 3805 aratione
1183 3748 1222 3801 ilri
1245 3745 1332 3814 potius

313 3863 404 3917 credas
429 3858 565 3914 dicendum
591 3860 671 3913 inisse
694 3874 773 3926 unam
798 3856 847 3912 hie.
894 3856 995 3909 Tamen
1020 3869 1067 3908 cur
1094 3850 1142 3904 hoc
1166 3862 1218 3901 nou
1241 3843 1333 3899 iecerit

313 3973 400 4039 poetp,
418 3962 590 4016 manifestum.
627 3963 818 4015 Pisruatiouem
837 3958 893 4029 ipse
911 3959 990 4012 laciet
1006 3957 1068 4009 data
1084 3966 1179 4022 opers3
1204 3946 1288 3999 aretio
1304 3946 1333 3993 et

313 4065 415 4132 peeoris
433 4076 494 4114 oure
513 4062 592 4113 serris
606 4059 662 4110 sere
680 4059 813 4122 incumbit,
831 4074 880 4110 nec
898 4060 947 4111 uisi
965 4054 1092 4109 interdum
1110 4054 1140 4102 ut
1157 4042 1332 4117 placebit'ali-

313 4162 375 4227 eald
392 4177 425 4213 ex
445 4160 485 4212 his
504 4159 581 4211 rebus
600 4157 711 4221 attinget
727 4164 814 4222 poeta.
850 4157 1005 4215 sicientem
1021 4160 1052 4206 ut
1069 4149 1152 4203 stane
1169 4146 1212 4199 iric
1230 4145 1332 4196 demum

313 4266 506 4313 memoraretur·
