3009 4725
305 415 368 471 236
542 407 826 476 COMMENTAR.
847 407 893 471 IN
915 404 1089 470 TIBULLI

305 581 370 648 ioci,
398 583 443 650 qui
467 596 519 635 non
543 581 663 635 ridentur
682 581 800 635 nltimam
823 596 927 635 menum
945 586 1041 651 poetae
1059 583 1180 648 experti,
1207 596 1267 636 cum
1286 583 1327 639 iric

304 681 371 734 iiber
396 687 456 748 post
480 689 589 736 mortem
612 683 712 736 Tibulli
736 682 821 736 editus
844 684 886 736 sit.
922 682 1022 735 Deliis
1041 681 1137 736 dictum
1156 681 1326 754 inExpiica-

303 779 390 843 tione3
420 779 453 831 nd
479 782 605 836 unitatem
633 797 695 835 uero
723 782 843 834 carminis
870 780 1065 835 comedendam
1093 781 1154 833 talin
1183 795 1234 833 nou
1262 798 1325 850 pcr-

302 879 390 932 tinent.

709 1099 916 1117 ἡ

674 1309 943 1377 EXPLICATIO.

370 1573 404 1626 V.
423 1576 510 1626 1-1o.
553 1571 752 1626 Exordium.
790 1574 868 1626 Cum
887 1572 1172 1626 Nemesisinrus
1191 1570 1322 1624 abierit

299 1687 372 1725 cum
397 1679 550 1727 amatore
575 1674 698 1742 divite,
727 1674 897 1727 Tibuiius
921 1690 984 1727 nou
1009 1675 1164 1730 sustinet
1187 1689 1321 1727 manere

299 1774 333 1825 in
353 1774 451 1838 urbe,
469 1774 527 1826 sed
546 1777 682 1827 seruire
701 1777 775 1829 suit
793 1776 883 1845 apud
902 1776 1068 1828 dominam
1088 1776 1119 1827 in
1137 1774 1240 1840 agris.

370 1875 403 1927 V.
421 1879 434 1926 l
452 1891 507 1941 sqq.
545 1875 637 1928 Rure
656 1878 842 1944 vittaeque.
871 1877 1204 1930 Nouinntiiiscumuintio.
1235 1875 1320 1927 Recto
1414 1890 1425 1904 ·

299 1972 420 2026 disertius
438 1975 558 2041 designat
581 1992 686 2029 censam
710 1978 838 2029 carminis.
876 1977 999 2029 Ceterum
1017 1976 1154 2028 abductam
1174 1975 1284 2042 pueliam
1302 1989 1319 2024 n

298 2073 452 2140 praedatore
481 2073 560 2127 divite
585 2075 651 2127 inira
679 2074 782 2127 demum
807 2075 983 2140 significatum
1013 2074 1039 2125 in
1065 2073 1191 2142 principio
1215 2071 1318 2123 brevius

298 2174 428 2241 loquitur,
450 2181 480 2225 ut
499 2174 550 2227 fert
568 2190 680 2243 poeseos
697 2175 778 2239 ratio,
805 2189 872 2238 quae
890 2188 941 2225 uon
962 2173 996 2225 ab
1015 2188 1065 2226 oro
1084 2173 1155 2225 initis
1171 2187 1218 2222 sua
1237 2170 1316 2221 ducit

298 2273 345 2325 Sic
363 2273 429 2339 eleg.
450 2272 472 2337 Ι,
491 2277 516 2324 l.
536 2274 562 2325 in
581 2273 707 2341 principio
726 2273 879 2340 simpliciter
897 2280 1000 2325 recusat
1018 2274 1043 2324 in
1062 2272 1156 2322 betium
1175 2271 1229 2332 ire,
1255 2285 1316 2321 uer·

297 2389 341 2425 sus
360 2375 437 2426 tinem
455 2379 542 2425 eutem
559 2374 678 2426 carminis
696 2373 819 2427 discimus
837 2391 853 2426 a
868 2375 981 2426 Messala
1000 2380 1104 2441 poetam
1122 2371 1264 2422 inuitatum.
1279 2397 1315 2408 -

295 2473 446 2528 Ferreus
465 2483 517 2527 ent
536 2483 586 2528 etc.
623 2476 750 2544 Explicet
771 2477 841 2544 Heu,
859 2493 910 2530 non
928 2476 1043 2528 sustineo
1066 2489 1170 2526 manere
1188 2474 1214 2524 in
1234 2471 1316 2537 urbe3

295 2572 395 2625 ferrcus
414 2582 453 2626 est
472 2575 515 2641 qui
534 2574 559 2626 in
584 2575 629 2627 teli
649 2589 713 2627 casu
736 2591 871 2628 remanere
891 2578 916 2627 in
935 2574 1000 2627 urbe
1018 2573 1106 2642 possit.
1153 2572 1206 2624 Pro
1226 2571 1316 2638 quis·

296 2674 373 2741 quis
392 2675 502 2727 Vossius
518 2676 621 2743 scripsit
639 2675 663 2726 ei
683 2675 762 2745 quin,¹
793 2676 840 2728 sed
858 2678 998 2743 loquuntur
1016 2674 1201 2743 hyperbolice,
1227 2674 1269 2739 qui
1287 2673 1314 2725 iu

295 2774 390 2825 effectu
408 2781 476 2828 sunt.
494 2803 530 2814 ·-
557 2776 635 2843 lpse
657 2775 772 2829 Venus
791 2783 841 2828 etc.
878 2776 1097 2843 interpretantur:
1126 2774 1240 2826 Absente
1259 2771 1315 2824 Ne·

294 2872 358 2923 mesi
378 2872 455 2923 etium
473 2872 562 2924 Venus
580 2888 639 2924 cum
659 2875 755 2925 Amore
774 2872 862 2936 abest,
887 2873 952 2924 obiit
971 2889 1029 2925 cum
1048 2875 1135 2941 puelia
1152 2875 1234 2926 omnis
1252 2887 1313 2938 grn-

294 2972 331 3024 tie
352 2979 378 3025 et
398 2978 527 3024 uenustus.
563 2972 714 3038 Perpetem.
751 2972 822 3027 Quid
842 2975 909 3026 enim
929 2980 969 3027 est
988 2977 1051 3027 iam
1069 2975 1181 3028 nunc‘i
1216 2974 1258 3026 Tu
1276 2975 1314 3026 its

293 3087 396 3123 mecum
413 3071 544 3137 intelliges
562 3071 677 3123 Vennum
695 3080 798 3139 tempus
816 3080 879 3137 eret,
898 3074 995 3140 Apriiis
1013 3075 1106 3142 opinor
1122 3075 1231 3137 mensim
1249 3088 1313 3126 cou-

294 3178 347 3224 stat
364 3178 452 3225 antem
476 3186 538 3224 rere
556 3172 581 3223 in
600 3173 669 3237 egris
688 3173 816 3225 Venerem
834 3171 945 3237 versari,
970 3173 1004 3227 ci.
1023 3174 1131 3227 Hosne.
1149 3175 1170 3237 I,
1190 3178 1216 3239 4,
1234 3179 1260 3226 5.
1285 3181 1313 3225 et

293 3289 361 3340 quae
386 3275 421 3326 ibi
439 3275 702 3326 Mruserrnnrncurus
721 3273 819 3325 iaudat.
855 3273 910 3326 lanu
935 3274 996 3340 quid
1022 3275 1124 3327 suavius
1148 3273 1197 3325 iroc
1219 3289 1313 3325 seusu:

294 3374 360 3429 Quis
383 3376 409 3427 in
434 3376 498 3427 urbe
523 3379 626 3427 manent
643 3376 733 3443 procui
753 3375 786 3426 ab
806 3380 906 3438 emnia,
935 3390 994 3427 cum
1013 3375 1068 3443 ipss
1086 3376 1175 3427 Venus
1193 3375 1244 3426 ism
1262 3389 1312 3426 er-

293 3472 401 3524 cesserit
427 3474 453 3525 in
478 3490 557 3541 agros
585 3480 612 3526 et
637 3476 717 3526 Amor
735 3475 803 3525 iuter
822 3476 932 3526 rusticos
950 3474 1090 3527 versetur?
1127 3474 1193 3526 Nam
1212 3475 1310 3525 Amor

292 3572 916 3629 rusticearatorisverbadiscensest
931 3577 974 3642 qui
990 3575 1063 3642 degit
1079 3575 1145 3625 inter
1159 3575 1267 3626 rusticos
1282 3578 1311 3624 et

292 3670 339 3726 hos
351 3672 429 3724 etiem
444 3674 512 3738 ioqui
525 3688 657 3726 sermones
671 3681 697 3728 et
710 3693 829 3729 susurros
842 3679 982 3729 amatorios
997 3676 1074 3728 docet
1088 3676 1202 3741 ipsorum
1215 3675 1312 3739 lingna,

291 3789 368 3840 quam
386 3772 469 3824 discit.
506 3774 572 3827 Quis
595 3774 676 3841 igitur
701 3777 733 3826 nb
759 3777 830 3841 agris
854 3775 946 3827 abesse
972 3775 1066 3842 possit,
1093 3774 1136 3825 ubi
1156 3774 1241 3826 omnia
1260 3774 1311 3825 inm

290 3888 405 3925 amorem
424 3871 544 3941 spirant?
578 3874 669 3924 istos
689 3873 757 3939 quod
778 3872 844 3924 dixit
861 3887 980 3938 agros,
998 3872 1114 3923 Vossius
1133 3873 1170 3925 ita
1189 3872 1313 3940 explicet,

290 3988 324 4025 ex
349 3974 474 4039 angustiis
498 3972 570 4023 urbis
595 3973 620 4023 in
643 3971 744 4039 amplos
766 3972 892 4022 Venerem
912 3969 1061 4023 discessisse
1083 3986 1175 4037 egros,
1202 3985 1251 4022 uec
1269 3985 1312 4021 re-

291 4087 379 4137 pugno
403 4078 430 4122 et
455 4070 560 4123 mutabo
586 4070 738 4133 tectionem,
768 4083 922 4134 qrrnmqnam
949 4069 1044 4121 eximie
1070 4070 1156 4138 piacet
1182 4069 1269 4119 laetos
1295 4084 1312 4119 n

217 4175 221 4198 ¹
290 4160 411 4222 nisime
431 4171 588 4238 repositum,
617 4168 639 4222 Ιι.
664 4186 687 4223 e.
716 4185 765 4221 non
790 4177 818 4220 ut
843 4171 886 4222 iiie
914 4171 995 4223 roiuit
1021 4172 1124 4239 inepte,
1153 4168 1312 4224 eniriinrntos
