3009 4725
481 273 590 336 Llitfl.
611 275 666 339 Ill.
709 273 831 341 ELEG.
852 276 910 340 VI.
1133 285 1195 341 ³77

175 459 285 523 anguste
304 452 411 506 deornm
431 448 538 517 cogitet
582 449 705 505 Ceterum
729 466 746 505 e
767 449 866 507 Tibnlll
891 451 1105 508 ontioneebest
1128 451 1193 510 hese

176 553 352 622 pronominum
371 550 529 604 coniunctio.
548 575 583 587 -
608 548 776 602 Cedmeee
792 552 913 604 metris
932 552 1058 620 preede
1076 569 1196 607 ernen-

176 658 209 705 te
232 652 351 717 docet,
379 648 404 703 lt.
423 665 448 703 e.
472 648 604 702 Pentheus
621 665 637 701 e
654 655 736 703 metre
756 651 846 717 egere
864 657 891 704 et
909 651 1020 707 Beeeltis
1036 653 1193 723 discerptus,

176 756 207 801 ut
224 755 322 802 notum.
358 748 413 801 Sed
439 747 558 816 prolecto
584 747 700 816 ineptum
723 750 750 801 in
776 751 906 817 preesenti
930 767 960 805 re
984 759 1037 806 mm
1055 754 1195 807 terribilem

175 863 288 917 poenent
306 846 453 910 ostendere,
470 847 544 913 consi
563 846 607 914 qni
622 848 759 901 nonbibet
774 851 847 916 setis,
865 851 890 904 ei
908 854 995 906 stetim
1012 854 1079 906 teies
1098 870 1197 922 poenee

175 946 331 1001 metuendae
348 948 407 1000 sint
448 946 562 999 Omnino
585 945 643 997 iure
660 961 770 1012 qnneres
787 962 910 1015 quorsum
927 954 980 1002 usn
1004 952 1090 1004 multis
1112 953 1198 1005 verbis

179 1048 331 1102 exhortetur
344 1048 445 1108 nmmos
463 1048 496 1100 nd
514 1046 668 1110 bibendum,
689 1048 833 1113 quidese
851 1055 878 1101 et
896 1049 929 1103 de
948 1053 1002 1103 suls
1018 1053 1136 1104 sensibus
1153 1051 1195 1105 iric

178 1166 258 1216 egere
275 1149 376 1202 debent.
413 1149 534 1215 languet
552 1147 688 1201 manifesto
707 1154 778 1202 totns
799 1149 881 1200 loeus·
897 1174 932 1189 -
950 1150 983 1202 V.
998 1153 1034 1202 lii
1052 1167 1091 1217 sq.
1118 1150 1196 1203 lile-

180 1266 257 1316 (με,
280 1251 309 1302 si
327 1262 391 1315 que
408 1255 463 1300 est
481 1255 533 1300 ete.
569 1247 673 1300 Nexum
692 1262 751 1300 eum
769 1247 813 1298 elii
831 1246 976 1300 indicerent
993 1253 1048 1300 tum
1067 1248 1194 1302 Vossrusr

181 1350 217 1402 lit
233 1351 256 1402 sl
273 1351 338 1404 deus
355 1364 406 1401 non
424 1350 506 1401 ritee
527 1349 602 1401 nobis
620 1348 716 1401 colitur
734 1346 862 1412 bibendo,
891 1349 914 1400 si
931 1348 1043 1402 laeditur
1059 1349 1137 1402 nimie
1155 1366 1198 1402 se·

182 1450 292 1502 ueritate
304 1454 400 1513 nostre,
417 1449 462 1500 ille
480 1449 567 1516 potius
585 1446 684 1516 perfide
702 1461 799 1515 poenes
817 1445 859 1498 dei
877 1446 940 1512 luet,
958 1462 1025 1513 qnae
1042 1464 1119 1500 oense
1136 1448 1198 1502 mihi

182 1547 309 1601 tristitiae.
345 1546 426 1600 Redit
443 1546 524 1613 igitur
540 1561 624 1609 nune,
651 1551 680 1598 ut
698 1545 786 1609 vides,
811 1545 851 1597 ire
874 1550 903 1598 et
920 1544 995 1598 dolor
1011 1545 1047 1599 ob
1065 1546 1197 1615 perfidiern

182 1647 299 1715 puellos,
324 1661 401 1713 quem
426 1646 522 1713 pellere
549 1645 652 1697 volebet
676 1643 743 1698 vino.
780 1642 881 1697 Temen
905 1643 974 1698 iusto
999 1645 1104 1699 brevius
1120 1646 1195 1712 dixit,

181 1759 239 1797 nem
258 1745 302 1797 rix
317 1744 469 1811 intelligitur
485 1742 546 1810 qnid
565 1743 635 1795 velit.
671 1740 712 1795 Ad
730 1740 824 1794 verber
847 1739 874 1792 si
890 1759 947 1813 qun
964 1751 1021 1799 est.
1048 1743 1197 1798 Ltrrnnrns

181 1847 286 1914 repplet
304 1846 356 1897 ire
379 1844 432 1898 del
455 1844 689 1911 exsequentibus,
715 1840 785 1910 qnod
804 1840 894 1910 probo.
931 1841 1092 1897 Hosonsrns
1111 1847 1199 1896 trsns-

182 1944 264 2011 posite
289 1933 352 1997 velit
374 1943 452 1996 verbe
475 1943 527 1996 sien
546 1940 649 2014 e'roque
666 1969 702 1981 -
719 1939 771 1992 ille
788 1938 838 1994 dei.
874 1940 929 1994 Sed
954 1951 1025 1995 recte
1048 1944 1199 2011 praeposuit

182 2053 259 2115 poete
281 2045 332 2100 illo
357 2050 464 2115 propter
487 2045 683 2114 oppositionem.
721 2041 859 2095 Postremo
884 2042 918 2096 de
945 2044 1100 2097 trulectione
1126 2044 1199 2097 verbi

183 2149 330 2214 sentiet,
357 2149 436 2217 positi
455 2149 480 2200 in
498 2162 532 2200 eo
552 2153 697 2211 commem,
722 2144 766 2197 eni
785 2144 826 2197 vel
846 2142 1061 2214 praemittendum
1085 2146 1199 2196 erstem

183 2247 404 2313 postponendum,
421 2249 481 2300 ride
498 2247 531 2301 ed
550 2248 571 2311 1,
589 2251 615 2313 9,
633 2252 678 2300 25.
713 2244 756 2298 lte
772 2245 875 2314 singule
892 2247 1020 2299 illnetretn
1037 2244 1125 2310 videte
1149 2246 1197 2297 totl

184 2343 291 2408 periodo
312 2344 381 2396 nulls
404 2345 495 2397 similis
519 2346 587 2411 npnd
606 2347 757 2412 Tibullum,
784 2348 829 2416 qni
847 2348 1058 2418 perspicuitatem
1076 2345 1199 2399 maiorem

184 2442 360 2495 emet-V.
375 2443 410 2493 27
429 2456 485 2507 sqq.
521 2443 975 2525 Quldpreeorehdenrensl
1012 2444 1080 2499 Vide
1098 2452 1127 2497 nt
1144 2451 1199 2497 ste·

185 2540 230 2590 tim
248 2543 413 2603 secernens,
441 2543 577 2606 postquem
602 2539 646 2591 nix
672 2536 791 2605 prodidit
817 2539 890 2591 irem.
924 2542 994 2593 lnlre
1018 2557 1043 2594 v.
1060 2546 1106 2594 88.
1131 2550 1203 2598 certe

184 2636 237 2689 dno
254 2634 363 2689 disticha
379 2636 495 2704 implerit
510 2637 626 2702 querele.
645 2663 680 2675 -
704 2635 824 2688 nerine
844 2636 968 2701 nubes,
985 2645 1015 2689 ut
1032 2637 1141 2692 sublime
1159 2644 1201 2695 ie·

185 2745 275 2790 rentur
292 2737 319 2789 in
336 2751 433 2791 nerem.
468 2736 617 2790 Cernnnne
635 2733 761 2799 xxviii,
780 2738 831 2788 loz
862 2736 961 2787 Ventos
978 2731 1060 2784 irrito
1072 2734 1151 2805 serre
1169 2756 1202 2790 ue

185 2831 296 2886 nebulas
322 2833 411 2888 nerins
435 2833 511 2887 einis.
555 2836 640 2889 Porro
663 2833 902 2903 circumscriptione
930 2831 1129 2900 diripiende
1154 2834 1168 2886 i
1172 2851 1202 2888 e-

189 2942 264 2989 rent
280 2937 357 2990 simul
375 2936 549 3004 significetur,
566 2943 597 2990 nt
614 2938 858 2991 Wnnnsenrcnrns
876 2938 927 3001 eit,
950 2935 1029 3002 digne
1046 2948 1120 3000 esse,
1136 2951 1205 3002 queo

186 3033 399 3103 diripientem-
419 3050 513 3101 ente,
531 3050 619 3101 emor,
636 3035 685 3102 111,
704 3039 729 3099 1,
747 3039 791 3091 te.
810 3062 844 3075 -
870 3035 936 3089 Mox
954 3048 1098 3088 seenree
1116 3049 1205 3088 men-

186 3148 257 3198 see,
276 3133 319 3186 nbi
338 3148 416 3186 curte
433 3134 534 3187 ebsnnt.
569 3134 656 3186 Porro
680 3132 860 3187 reddemus
884 3141 1036 3203 tempore
1059 3149 1206 3202 menese,

185 3233 322 3287 redeamus
339 3234 373 3286 ed
392 3235 443 3287 vini
461 3233 565 3302 pendis.
601 3234 694 3302 Neque
713 3235 783 3288 enim
800 3232 908 3285 reddere
928 3241 968 3288 est
990 3249 1029 3302 pr.
1048 3232 1113 3286 dore
1131 3233 1204 3304 posi·

187 3340 258 3401 tem,
289 3342 320 3388 nt
345 3334 448 3401 quidem
474 3335 573 3387 nolunt.
601 3359 634 3372 -
671 3339 751 3402 post
780 3332 906 3385 multos
932 3333 987 3386 seit
1014 3348 1066 3387 non
1090 3348 1207 3387 serenos·

186 3434 360 3504 Brneltylogle
385 3434 572 3505 propemodum
598 3435 752 3486 recesseris.
788 3434 835 3488 Pr.
853 3432 952 3488 mullos
977 3435 1088 3491 Vossius
1104 3435 1206 3505 recepit

187 3535 288 3588 neutros
306 3545 334 3591 et
352 3538 492 3604 Brennus,
509 3551 569 3590 cnm
586 3534 725 3599 Murano,
742 3535 933 3600 Pessinunte,
951 3536 1024 3601 eliisp
1048 3536 1095 3589 sed
1114 3538 1206 3604 plnreli

186 3647 294 3687 numero
311 3652 335 3689 r.
355 3637 410 3690 dies
428 3638 563 3693 masculini
581 3636 684 3703 generis
702 3640 750 3688 est.
772 3662 803 3675 -
823 3636 856 3688 V.
871 3637 908 3685 8³
927 3650 986 3701 sqq.
1022 3634 1094 3687 Hine
1112 3648 1206 3686 norum

188 3748 291 3786 esrmen
316 3736 393 3789 ordiri
418 3739 523 3793 codices
547 3743 575 3792 et
599 3736 727 3791 editiones
750 3740 811 3789 ente
830 3733 980 3787 Mnnnnurs
997 3735 1027 3785 in
1045 3731 1212 3784 ennotntione

188 3832 277 3886 critice
301 3835 475 3893 indicsrimns.
512 3842 598 3896 Quem
617 3844 713 3892 sisium
738 3852 792 3895 non
811 3832 934 3889 debebat
959 3846 1092 3895 revocure
1107 3833 1218 3884 (ionu-

189 3945 276 3994 *Μ’
301 3933 348 3985 κδ
367 3934 475 4002 obsequi
494 3939 632 4005 Munere,
656 3941 820 4002 Seseresso
840 3938 999 4017 ceterisque
1015 3928 1227 3999 intelligentibus

188 4028 265 4093 sirie,
292 4031 337 4096 qul
357 4031 477 4085 viderunt
495 4037 571 4089 unius
594 4041 716 4102 armin'u
735 4061 794 4113 ωε
811 4039 882 4095 lteee
905 4048 939 4098 et
959 4032 1165 4122 pppppodenile.
1198 4027 1240 4077 ki·
