3009 4725
503 399 688 473 TIBULLI
722 401 807 474 LIB.
827 404 867 477 Π.
888 418 916 476 5.

195 587 307 661 258ed
327 603 410 659 tune
434 585 621 686 pascebant
646 584 794 660 herbosa
817 586 947 663 Palatia
973 620 1092 668 vaceae

284 717 329 790 Et
354 713 493 790 stabant
518 713 664 789 humiles
690 714 725 788 in
751 717 842 790 Iovis
867 745 944 792 aree
971 749 1076 796 casae.

235 848 335 920 Larte
361 845 506 919 madens
533 843 604 918 illie
627 844 766 919 suberat
787 847 862 921 Pan
888 847 974 924 ilicis
998 851 1139 927 umbrae

283 976 329 1048 Et
354 976 443 1048 faeta
464 974 589 1073 agresti
612 972 726 1072 lignea
752 974 839 1050 falce
864 976 983 1069 Pebs,

243 1102 485 1203 Pendebatque
510 1102 586 1200 vagi
610 1102 759 1203 pastoris
781 1104 818 1177 in
846 1105 968 1179 arbore
994 1125 1118 1200 votum,

199 1248 237 1303 30
295 1229 441 1304 Garrula
466 1230 609 1305 silvestri
636 1229 750 1306 fistula
776 1261 873 1308 sacra
898 1234 981 1324 deo,

237 1357 383 1447 Fistula,
415 1360 471 1433 eui
497 1387 634 1461 semper
659 1360 824 1436 decrescit
850 1363 1028 1439 arundinis
1053 1366 1156 1443 ordo:

284 1489 371 1561 Nam
397 1488 549 1563 calamus
578 1516 654 1563 cera
679 1489 834 1590 iungitur
859 1521 967 1595 usque
996 1496 1116 1571 minor.

236 1615 281 1688 At
305 1646 374 1718 qua
397 1618 539 1693 Velabri
561 1619 658 1718 regio
684 1638 794 1721 patet,
825 1622 876 1694 ire
900 1621 1031 1698 solebat

288 1745 439 1843 Exiguus
465 1746 564 1848 pulsa
589 1748 762 1849 pervade
788 1748 890 1823 linter
915 1780 1012 1853 aqua.

196 1873 303 1947 asllla
326 1902 427 1977 saepe
452 1877 563 1975 gregis
589 1876 670 1951 ditis
695 1877 863 1978 placitura
885 1882 1048 1977 magistro

290 2004 347 2079 Ad
371 2006 527 2080 iuvenem
552 2007 638 2081 festa
665 2024 715 2080 est
739 2025 833 2081 vecte
857 2005 970 2108 puella
996 2008 1070 2098 die,

240 2138 323 2210 Cum
347 2165 416 2239 qua
441 2116 582 2212 secundi
608 2137 786 2211 redierunt
807 2166 949 2212 munera
974 2138 1083 2227 ruris,

286 2267 411 2342 Caseus
437 2285 471 2341 et
494 2267 614 2340 niveae
640 2267 809 2341 candidus
836 2296 945 2368 agnus
969 2268 1066 2362 ovis.)

230 2400 397 2499 ‘Impiger
418 2399 556 2488 Aenea,
589 2397 758 2472 volitantis
782 2398 887 2474 frater
907 2398 1062 2489 Amoris,

196 2544 235 2600 4⁰
290 2527 414 2601 Troica
438 2529 497 2628 qui
524 2527 681 2629 profugis
708 2555 804 2601 saera
829 2529 923 2602 vehis
949 2528 1098 2617 ratibus,

238 2658 312 2731 Iam
336 2656 399 2729 tibi
423 2657 608 2732 Laurentes
635 2657 786 2755 assignat
810 2657 964 2757 luppiter
989 2687 1108 2755 agros,

283 2789 356 2862 lam
382 2805 480 2862 vocat
505 2805 654 2865 errantes
678 2785 814 2886 hospita
839 2802 929 2858 terra
953 2786 1066 2857 Lares.

237 2916 310 2991 ltlic
335 2934 472 2992 sanetus
496 2917 584 3006 eris,
618 2946 696 2990 cum
721 2934 754 2990 te
776 2914 968 2989 veneranda
993 2911 1128 2985 Numici

285 3045 388 3119 Unda
414 3046 516 3119 deum
542 3043 635 3119 eaelo
659 3045 788 3119 miserit
812 3043 1009 3142 Indigetem.

192 3173 327 3249 45Eeee
352 3203 456 3276 super
480 3175 587 3248 fessas
610 3175 725 3250 volitat
750 3173 899 3250 Victoria
925 3198 1077 3274 puppes,

285 3302 439 3377 Tandem
464 3302 509 3376 ad
535 3305 705 3378 Troianos
733 3303 809 3377 diva
836 3302 985 3403 superba
1008 3298 1106 3372 venit.

264 3515 354 3570 V.32.
382 3517 407 3570 N
415 3534 463 3572 em
489 3520 569 3587 vulgo
595 3520 662 3573 ttbrt.
718 3520 838 3573 Puccrua
866 3520 921 3584 Er,
953 3514 1022 3583 quod
1055 3515 1210 3582 receperunt

192 3612 321 3678 Vererer,
348 3616 605 3683 Wunnunnrcrnus,
632 3619 765 3671 Bruuius.
787 3645 823 3654 -
867 3618 900 3669 V.
914 3618 959 3669 35.
984 3614 1122 3666 Mnaseus
1149 3608 1209 3677 diti,

189 3726 267 3777 quem
284 3721 427 3780 sequuntur
444 3715 547 3782 Deum,
566 3717 766 3780 mmmmm,
785 3714 1060 3778 Vurrrue‚Vuse1nr,
1078 3711 1210 3773 Rucuma,

190 3806 364 3875 Herennius,
390 3813 572 3869 Gounnurur.
608 3815 693 3880 Atque
715 3812 766 3865 huc
786 3814 842 3881 ipse
860 3813 937 3865 etiam
958 3811 1059 3863 inclino.

261 3909 294 3964 V.
304 3912 348 3962 40.
366 3910 494 3964 Troice
517 3912 608 3980 eptImi
627 3917 655 3964 et
673 3912 797 3980 plerique.
834 3911 921 3977 Vulgo
942 3906 1037 3971 Troia,
1061 3901 1132 3969 qnod
1152 3907 1209 3953 ten-

187 4021 265 4073 quem
293 4008 458 4081 emendatius
483 4016 512 4063 et
539 4010 642 4064 ductim
672 4010 871 4062 Buouunusrnr
905 4024 938 4060 ex
969 4021 1020 4058 uno
1046 4002 1210 4055 Borunrereu

188 4106 313 4174 reposuit
358 4106 428 4160 Vide
452 4107 485 4161 de
502 4124 528 4162 v.
548 4108 696 4162 Obeenntt.
716 4107 835 4164 Hurnn.
