3009 4725
314 440 435 487 nxxuu
724 416 783 484 ΒΕ
805 413 925 486 POESI
981 453 988 472 ·

315 607 436 658 natum.
475 588 629 675 Ssqsrltm
649 585 763 651 deinde
785 592 882 654 altera
902 610 993 674 pers,
1020 590 1077 655 nbi
1101 591 1165 655 iam
1187 591 1259 655 festi
1281 613 1338 656 ru·

313 709 389 772 ralis
408 708 443 769 in
464 705 571 766 herbis
591 702 722 784 ponitur
740 701 925 786 descriptio,
948 716 1044 790 atque
1064 707 1157 769 etiam
1179 706 1337 786 fastigium

312 840 410 885 suave
423 820 458 881 in
477 817 540 880 line
557 816 696 898 posiwm
713 827 848 890 orante,
868 814 925 878 sed
946 818 1008 880 olio
1028 816 1124 882 modo
1142 838 1239 902 quam
1255 832 1337 897 ante,

314 957 387 1001 com
413 945 574 1017 postremo
602 927 718 994 umoris
743 930 892 997 iuvenilis
916 932 1075 997 licentiam
1095 932 1204 998 videas
1231 946 1263 997 et
1282 932 1337 997 nd·

312 1053 428 1117 mixtos
442 1047 580 1113 iucunde
593 1045 721 1112 dolores
742 1048 860 1113 umoris
880 1048 1097 1114 convivalibus
1112 1048 1242 1131 gaudiis.
1281 1051 1339 1114 At-

313 1189 376 1253 que
407 1168 452 1229 ita
480 1164 571 1229 uides
598 1166 845 1246 pulcherrimam
879 1165 999 1249 ubique
1029 1177 1139 1229 artem.
1191 1167 1340 1250 Denique

310 1299 524 1347 commemoro
544 1280 651 1340 locum
674 1273 714 1357 ll,
735 1278 767 1356 4,
788 1282 907 1341 27-50.
930 1278 1005 1341 satis
1026 1297 1184 1361 magnum,
1206 1277 1263 1344 ubi
1282 1278 1339 1343 ds·

310 1395 533 1478 scriptionibus
555 1389 678 1454 duabus
697 1405 759 1472 per
780 1388 994 1470 gradationem
1009 1395 1182 1456 coniunotis
1199 1392 1337 1475 primum

311 1509 484 1595 generatim
505 1518 687 1571 exsecratur
707 1506 866 1567 luxuriam
890 1506 1082 1585 puellarum,
1107 1517 1175 1569 tum
1196 1506 1338 1588 speciali-

310 1638 360 1689 ter
378 1623 522 1688 Nemesis
543 1620 722 1698 avaritiam
742 1618 905 1701 propriam
923 1637 1001 1683 vero
1019 1621 1153 1683 formam
1172 1623 1338 1705 utriusqus

310 1737 379 1802 aliis
414 1735 448 1799 in
477 1735 618 1819 partibus
652 1732 748 1794 huius
785 1728 1004 1813 disputationis
1036 1734 1223 1818 explicatam
1254 1734 1340 1799 ride.

310 1855 415 1938 Atque
435 1853 513 1914 hasa
533 1849 695 1912 hactenns.
736 1844 911 1911 Videamus
939 1868 1026 1911 nunc
1052 1861 1111 1912 nes
1135 1863 1241 1932 partes
1267 1870 1340 1929 gra·

311 1963 458 2033 dationis.
500 1964 680 2049 Simplicior
709 1965 792 2028 ratio
822 1976 869 2027 est
895 1964 930 2027 in
959 1964 1009 2028 his
1037 1985 1096 2048 per
1120 1966 1181 2027 nia
1206 1959 1338 2023 disticha

310 2080 500 2150 continuatio
517 2078 796 2162 descriptionibust
820 2081 844 2155 l,
862 2083 1022 2154 2,17-22.
1042 2082 1071 2151 5,
1090 2081 1204 2137 11-16.
1222 2077 1337 2135 ‹tt-66.

312 2206 342 2276 s,
363 2199 479 2257 45-50.
508 2195 548 2268 11,
572 2199 603 2270 s,
622 2198 740 2253 ss-ss.
769 2192 799 2265 4,
822 2189 937 2249 soto.
966 2194 995 2262 s,
1015 2192 1132 2248 21-26.
1174 2184 1238 2248 sed
1260 2198 1337 2250 sunt

310 2319 473 2395 praeterea
501 2305 563 2371 alia
588 2304 688 2366 mults
717 2301 922 2385 exquisitiora
947 2300 1108 2382 exempla,
1140 2320 1222 2383 quae
1250 2319 1336 2364 nuno

309 2423 491 2487 recensebo.
527 2415 635 2480 Unum
645 2415 753 2494 paullo
768 2424 839 2473 ante
850 2410 957 2475 vidisti
968 2412 1008 2492 Π,
1022 2418 1052 2491 5,
1064 2414 1179 2476 83·94.
1214 2412 1335 2477 Porro:

309 2540 344 2602 in
364 2538 435 2599 loco
457 2534 482 2612 Ι,
501 2538 531 2609 9,
554 2536 670 2594 17-50.
692 2527 869 2608 obiurgatio
894 2529 987 2611 pueri
1009 2527 1122 2611 perfidi
1141 2531 1243 2592 tribus
1262 2549 1337 2610 par-

298 2651 396 2714 ‘tibus
418 2657 554 2722 constat,
581 2662 718 2726 quarum
741 2662 876 2726 sequens
898 2660 1043 2726 quaeque
1066 2643 1193 2723 grauior
1214 2655 1338 2705 antece·

310 2760 414 2825 dente.
463 2757 606 2822 Primum
626 2753 712 2819 enim
732 2777 764 2820 u.
787 2759 900 2819 17-30.
921 2767 1047 2835 narrat,
1075 2769 1111 2820 ut
1130 2757 1258 2821 intentis
1279 2756 1337 2821 ad·

308 2874 539 2941 monitionibus
559 2864 729 2935 verborum
751 2870 889 2935 oraverit
913 2868 1094 2952 saepissime
1116 2890 1267 2952 puerum,
1294 2892 1337 2933 ne

309 3012 388 3055 auro
417 2987 579 3071 corrumpi
603 3006 637 3049 se
661 2986 810 3068 patiatur.
859 2985 921 3047 Vel
944 2984 1022 3046 haec
1041 2985 1214 3065 neglexisse
1234 2987 1335 3048 malas

309 3104 454 3173 leuitatis.
502 3102 571 3163 Iam
601 3118 677 3166 vero
701 3120 733 3162 u.
759 3097 874 3158 31-40.
895 3097 1028 3177 exponit
1048 3118 1147 3181 porro
1169 3102 1262 3162 etiam
1284 3101 1335 3161 in·

309 3236 394 3284 rasse
414 3236 550 3299 puerum
570 3212 770 3278 sanctissimis
791 3212 895 3276 uerbis
917 3220 948 3273 st
975 3232 1048 3275 cum
1075 3213 1170 3290 fletu,
1191 3233 1225 3275 se
1248 3214 1334 3293 nolle

310 3332 431 3396 violare
452 3327 562 3407 tidem,
589 3325 676 3411 quod
695 3338 801 3388 tomen
822 3345 907 3388 nuno
930 3324 1048 3388 fectrit.
1089 3323 1141 3387 Sic
1161 3325 1335 3407 periurium

312 3444 441 3509 accedit.
483 3444 634 3526 Magnum
654 3442 717 3506 lnoc
735 3440 864 3520 crimen,
884 3440 992 3505 sedin
1010 3442 1124 3505 amoris
1140 3442 1254 3504 affeetu
1268 3458 1334 3503 non

311 3574 377 3627 tam
393 3578 542 3640 mannum
559 3560 695 3621 liabetur
710 3578 806 3644 quam
822 3559 890 3622 aliis
908 3559 941 3620 in
961 3558 1105 3640 partibus
1120 3556 1215 3618 vitae.
1250 3552 1335 3617 liino

313 3676 406 3742 tertio
426 3674 497 3738 loco
520 3676 614 3737 etiam
637 3670 740 3739 officio
761 3685 984 3741 commemorat
1003 3679 1160 3755 praestata
1177 3686 1278 3749 puero
1298 3664 1335 3728 in

312 3792 379 3853 elus
399 3787 560 3852 amoribus
582 3801 614 3850 et
636 3790 810 3852 carminum
832 3785 1045 3849 dedicatorum
1061 3779 1199 3846 laudem.
1241 3778 1336 3845 Unsls

312 3908 405 3968 etiam
419 3903 534 3986 ingrati
549 3905 645 3968 animi
660 3905 763 3985 gravis
778 3905 871 3985 culpa
884 3902 1020 3984 accedit3
1042 3923 1115 3967 nam
1129 3904 1213 3965 inter
1227 3920 1336 3963 aman·

311 4031 358 4081 tes
376 4019 518 4082 omnium
535 4018 662 4083 minime
683 4015 865 4080 huiusmodi
885 4017 962 4101 quid
981 4028 1153 4098 exspectes.
1193 4013 1276 4075 Satis
1295 4009 1334 4074 de

310 4135 473 4198 hocloco.
513 4132 596 4196 Vide
626 4152 711 4195 nune
742 4132 804 4195 alia
832 4133 965 4216 pulchra
995 4131 1148 4210 exempla.
1196 4128 1234 4190 ln
1262 4128 1334 4189 looo
