3009 4725
1157 390 1525 458 TIBULLI.
2259 422 2374 467 σιν

496 566 607 626 ma
650 561 813 625 mihi
853 572 1063 622 sancta
1106 570 1230 639 est,
1289 562 1432 622 illius
1473 559 1642 623 dona
1686 565 1975 645 sepulcro

579 676 660 738 Et
701 673 1050 737 madefacta
1089 674 1243 736 meis
1287 686 1451 736 serta
1497 675 1700 737 feram
1741 679 2044 758 lacrimis,

490 791 646 851 Illius
686 787 766 850 ad
812 788 1123 850 tumulum
1166 788 1400 867 fugiam
1444 789 1841 874 supplexque
1886 790 2117 855 sedebo

580 901 663 964 Et
702 922 840 963 mea
883 922 1028 963 cum
1069 912 1247 963 muto
1295 901 1425 964 fata
1468 923 1702 985 querar
1745 904 1976 968 cinere.

1284 1014 1429 1029 u*

502 1070 738 1152 Pauper
784 1070 901 1131 erit
935 1082 1191 1151 praesto
1236 1069 1351 1131 tibi
1393 1091 1671 1152 semper,
1722 1095 1947 1157 pauper·
1987 1076 2182 1141 adibit

588 1183 837 1244 Primus
881 1197 940 1246 et
975 1183 1047 1244 in
1084 1196 1305 1245 tenero
1352 1183 1517 1245 fixus
1562 1185 1680 1247 erit
1718 1190 1915 1250 latere
1936 1233 1955 1266 ,

504 1297 742 1378 Pauper
779 1295 847 1356 in
893 1309 1160 1377 angusto
1203 1294 1367 1358 fidus
1413 1315 1618 1361 comes
1665 1301 1907 1379 agmine
1948 1307 2170 1367 turbae

583 1408 1010 1494 Subiicietque
1054 1430 1279 1472 manus
1324 1410 1673 1493 efficietque
1714 1414 1912 1491 viam,

507 1524 745 1604 Pauper
785 1521 866 1584 ad
912 1525 1193 1587 occultos
1237 1522 1456 1584 furtim
1504 1522 1769 1587 deducet
1816 1528 2043 1589 amicos

586 1635 943 1720 Vinctaque
988 1634 1065 1697 de
1103 1636 1292 1699 niveo
1335 1634 1625 1698 detrahet
1662 1638 1796 1719 ipse
1841 1637 2024 1720 pede.

338 1744 743 1808 Contrarium
784 1768 1188 1828 progressum
1231 1750 1592 1831 anaphoras
1637 1769 1675 1811 a
1719 1749 2092 1832 specialibus
2152 1750 2231 1814 ad
2271 1774 2376 1834 ge·
2420 1768 2425 1774 ·

336 1858 617 1922 neralius
655 1860 724 1921 in
765 1859 865 1922 his
911 1859 1092 1924 vide:

509 1971 605 2035 Sit
644 1973 791 2035 satis
834 1994 870 2034 e
913 1974 1207 2037 membris
1248 1987 1500 2038 tenuem
1542 1972 1943 2058 perscindere
1979 1985 2247 2053 vestem,

590 2084 688 2148 Sit
727 2088 873 2149 satis
920 2099 1177 2152 ornatus
1221 2086 1579 2152 dissoluisse
1622 2108 1869 2170 comae,

497 2198 592 2265 Sit
631 2201 920 2265 lacrimas
964 2203 1236 2267 movisse
1280 2202 1449 2265 satis.

1277 2319 1420 2332 —-

501 2370 686 2438 Nunc
726 2372 880 2437 Iove
925 2373 1043 2434 sub
1088 2369 1347 2435 domino
1397 2370 1616 2436 caedes
1664 2384 1726 2436 et
1764 2373 2030 2438 vulnera
2075 2391 2352 2454 semper,

591 2487 768 2547 Nunc
816 2508 1016 2563 utare=
1059 2506 1232 2548 nunc
1273 2486 1384 2547 leti
1422 2487 1592 2549 mille
1635 2498 1890 2567 repente
1933 2487 2093 2548 viae.

343 2599 728 2659 Praemium
780 2603 940 2659 euim
992 2601 1172 2661 etiam
1221 2599 1341 2676 hic,
1391 2610 1463 2660 ut
1501 2599 1570 2659 in
1615 2596 2003 2660 antecedenti
2044 2600 2206 2674 loco,
2248 2593 2376 2657 duo

336 2716 403 2772 “vi
451 2716 627 2792 paria
671 2716 944 2772 mamhra.
996 2735 1110 2792 per
1150 2711 1560 2789 divisionem,
1609 2732 1754 2772 nunc
1793 2710 2002 2772 caedes
2040 2721 2094 2770 st
2131 2713 2379 2784 vulnera,

332 2847 480 2886 nam:
543 2848 740 2900 mare]
804 2840 928 2888 amn
984 2827 1095 2890 tati
1150 2827 1238 2889 sic
1299 2824 1681 2906 compositae
1738 2819 2081 2885 sententiae
2132 2819 2380 2881 additur

333 2939 661 3018 generalis.
759 2939 968 3022 Atque
1022 2940 1109 3001 ita
1169 2941 1571 3019 coniungitur
1610 2938 1680 3000 in
1739 2939 1837 2998 his
1883 2933 2186 3014 exemplis
2231 2933 2381 2991 alias

334 3052 521 3114 aliter
559 3051 798 3135 duplex
839 3052 1198 3134 anaphoras
1239 3072 1425 3124 usus,
1479 3072 1666 3134 quem
1709 3050 2112 3131 explicamus,
2210 3046 2382 3109 Haec

335 3165 661 3230 hactenus.
761 3166 1103 3248 Postquam
1168 3163 1327 3228 duos
1389 3166 1695 3245 legitimos
1751 3160 1972 3225 modos
2025 3161 2382 3242 anaphoras

333 3279 651 3358 persecuti
706 3298 959 3354 sumus,
1012 3279 1209 3341 verbo
1253 3279 1321 3339 in
1375 3278 1499 3340 fine
1542 3276 1992 3357 distinguamus
2041 3293 2149 3336 eos
2190 3274 2384 3351 locos,

335 3390 455 3454 ubi
499 3389 677 3452 nulla
715 3392 857 3455 talis
896 3390 1058 3454 ratio
1102 3394 1558 3467 membrorum,
1618 3401 1722 3451 ut:

507 3503 676 3566 Tum
721 3507 967 3568 veniam
1012 3505 1219 3568 subito
1270 3526 1385 3567 nec
1429 3504 1762 3588 quisquam
1807 3504 2051 3566 nuntiet
2093 3513 2269 3578 ante,

593 3615 722 3680 Sed
759 3616 980 3684 videar
1024 3621 1194 3681 caelo
1234 3620 1459 3680 missus
1508 3616 1721 3681 adesse
1767 3617 1903 3679 tibi.

509 3729 693 3793 Tunc
738 3732 929 3810 mihi,
973 3731 1173 3816 qualis
1217 3733 1368 3808 eris,
1416 3733 1640 3811 longos
1680 3733 1930 3794 turbata
1972 3727 2257 3811 capillos,

592 3839 804 3908 Obvia
846 3843 1115 3908 nudatos
1156 3843 1343 3906 Delia
1388 3865 1570 3907 curre
1613 3843 1794 3925 pede.

340 3954 746 4037 Perspicuum
790 3969 884 4021 est
918 3956 1165 4021 diverso
1210 3956 1400 4019 modo
1443 3959 1600 4039 poni
1641 3959 1965 4039 repetitam
2000 3953 2389 4038 particulam,

232 4151 252 4164 ἱ
342 4089 550 4151 neque
590 4072 867 4137 habetur
906 4073 1010 4136 hie
1043 4095 1188 4138 vera
1237 4072 1590 4154 anaphora,
1634 4093 1795 4155 quae
1834 4076 2151 4133 cmm'nuam
2194 4075 2389 4132 seriem
