3009 4725
321 401 459 444 csxxvut
745 379 802 439 DF.
828 376 950 444 POESI

318 566 371 616 aot
393 577 410 616 a
432 552 539 616 militia
560 549 682 628 ductas,
708 563 774 613 tum
797 554 858 615 alia
881 556 1035 617 nonnulla
1055 578 1093 618 ex
1113 577 1171 620 usu
1191 560 1339 640 populari

316 667 429 749 petita,
461 666 538 726 nihil
563 664 649 747 quod
674 665 861 746 exquisitius
888 667 928 729 sit
954 681 1008 730 aut
1034 668 1193 733 audacius.
1242 670 1338 733 Com·

317 779 494 861 parationes
521 790 551 839 at
578 781 721 860 exempla
746 780 929 843 observabis
954 781 1213 865 insequentibus
1240 786 1336 847 locis:

316 891 346 968 Ι,
369 893 407 967 4,
431 897 469 952 17
492 911 561 973 sqq.
581 893 623 952 29
645 911 714 974 sqq.
736 897 777 954 63
799 913 869 975 sqq.
908 895 939 971 Ι,
963 900 999 973 5,
1020 902 1051 958 3.
1072 899 1123 957 45.
1164 897 1195 971 Ι,
1223 905 1259 974 6,
1285 905 1337 962 53.

315 1005 354 1082 ΙΙ,
372 1009 402 1081 4,
421 1010 526 1067 a-to.
555 1006 595 1080 ΙΙ,
614 1012 643 1080 5,
661 1010 691 1066 9.
716 1005 770 1082 IV,
787 1012 817 1076 2,
839 1014 887 1068 13.
910 1006 966 1085 lv,
985 1013 1016 1089 6,
1035 1015 1092 1089 173
1122 1009 1206 1072 uude
1228 1010 1337 1087 discas,

316 1116 401 1202 quod
421 1118 482 1178 iam
501 1138 597 1199 supra
614 1117 738 1195 monui,
762 1119 856 1181 etiam
875 1120 959 1184 huuc
977 1135 1123 1185 ornatum
1142 1143 1207 1187 nou
1227 1126 1337 1207 quaeri

315 1230 485 1295 studiosius
514 1253 532 1292 a
555 1231 699 1308 Tibullo,
731 1229 791 1293 nisi
821 1253 946 1295 sermea
975 1234 1004 1310 1,
1026 1235 1058 1297 4.
1087 1237 1231 1318 excipere
1259 1237 1335 1301 velis

315 1345 462 1425 scriptum
500 1345 629 1405 omniuo
664 1345 836 1423 elegantius
871 1357 907 1408 ut
939 1359 1040 1409 cetera
1075 1349 1109 1408 iu
1142 1348 1333 1414 Marathum.

314 1458 426 1518 Trium
464 1477 540 1519 vero
576 1458 845 1538 comparationum
879 1460 1120 1524 cumulationem
1153 1458 1333 1540 Lygdamus

315 1570 411 1631 habet
438 1571 498 1647 ΙΙΙ,
521 1575 555 1647 4,
577 1576 619 1631 29
635 1590 720 1653 sqq,
750 1593 843 1654 quem
868 1574 953 1635 nosti
972 1593 1014 1634 ex
1034 1573 1250 1655 superioribus
1274 1575 1335 1646 sibi

314 1686 438 1765 placere
462 1686 492 1745 iu
518 1683 768 1765 amplificatione.
817 1685 965 1769 Denique
987 1701 1084 1754 restat
1106 1700 1141 1749 ut
1163 1687 1202 1750 de
1225 1709 1335 1769 persu-

314 1797 498 1860 nificationis
525 1818 584 1859 usu
612 1795 723 1862 dicam.
773 1800 819 1862 Ae
843 1819 926 1863 nova
947 1800 1077 1883 quidem
1101 1801 1194 1864 etiam
1218 1802 1254 1863 in
1274 1804 1334 1867 ltoc

312 1932 425 1992 genere
455 1931 520 1973 non
549 1911 737 1990 excogitavit
765 1911 928 1991 Tibullus,
962 1914 1062 1977 utitur
1086 1936 1164 1978 vero
1193 1916 1334 1995 personis

312 2024 426 2088 divinis
454 2022 611 2085 interdum
634 2024 767 2103 optime,
799 2037 834 2086 ut
858 2025 948 2087 facile
969 2028 1083 2091 sentias
1104 2029 1176 2090 sutis
1197 2029 1331 2107 peritum

311 2136 406 2198 huius
437 2136 604 2214 elegantiae
635 2148 772 2216 poetam.
826 2133 930 2212 Quam
959 2158 1068 2201 suaves
1098 2150 1171 2199 sunt
1201 2139 1264 2200 loci
1292 2137 1331 2198 de

310 2250 368 2330 Spe
391 2249 436 2327 ΙΙ,
460 2254 493 2325 6,
514 2255 555 2309 20
572 2269 658 2331 sqq,
687 2247 767 2311 adde
788 2250 819 2326 Ι,
843 2254 876 2326 1,
900 2256 929 2310 9.
953 2261 984 2309 et
1006 2248 1045 2310 de
1065 2251 1146 2311 Pace
1168 2249 1197 2326 Ι,
1221 2257 1260 2313 10
1275 2250 1329 2313 flu.

312 2361 564 2426 cumulationem
590 2384 667 2428 vero
692 2383 899 2445 personarum
927 2360 1168 2443 symbolicarum
1194 2366 1331 2429 ornatis·

311 2476 423 2538 simam
452 2474 524 2540 vide
552 2476 586 2537 in
613 2476 702 2538 exitu
726 2495 821 2537 earm.
839 2473 887 2549 Π,
910 2480 939 2535 l.
987 2472 1114 2535 Exitum
1146 2478 1223 2556 eleg.
1245 2477 1276 2553 1,
1299 2485 1330 2539 3.

310 2588 507 2655 laudavimus
534 2593 597 2653 iam
621 2610 725 2671 supra.
767 2586 891 2650 ibidem
914 2587 944 2665 1,
965 2593 1000 2666 3,
1022 2592 1053 2651 5.
1094 2590 1196 2652 Morus
1222 2588 1329 2655 avidas

310 2722 423 2766 mantis
445 2701 615 2767 detestatur
636 2704 799 2784 praeclaro
820 2701 855 2763 iu
876 2702 1006 2778 affeetu,
1035 2713 1067 2762 et
1086 2701 1142 2779 IV,
1156 2707 1188 2781 2,
1206 2710 1237 2765 7.
1257 2722 1331 2767 sua·

311 2817 393 2879 viter
421 2814 459 2877 de
482 2818 590 2879 Deeorc
618 2815 743 2878 dieitur.
785 2816 886 2877 Poma
913 2826 1107 2877 memoratur
1133 2815 1165 2891 t,
1186 2821 1223 2895 9,
1244 2817 1275 2880 4.
1299 2827 1332 2879 et

309 2942 375 2992 rota
402 2933 544 2992 fortunae
575 2930 608 3006 Ι,
636 2932 672 3005 5,
699 2935 750 2987 70.
806 2924 955 3008 Denique
984 2939 1060 2989 nota
1086 2939 1134 2989 eat
1162 2929 1196 2989 in
1227 2930 1331 3010 elegiis

309 3048 415 3104 ιἀηιιαε
440 3041 685 3123 personifieatio‚
714 3037 766 3100 cui
787 3049 927 3100 amantes
948 3035 1073 3102 dolores
1095 3059 1170 3102 suos
1191 3054 1331 3122 narrant,

311 3176 406 3238 quam
439 3167 547 3234 orant,
587 3172 681 3234 quam
713 3152 894 3232 inerepaut3
935 3162 1002 3215 erat
1033 3151 1117 3215 enim
1149 3151 1331 3219 daemonica

312 3266 467 3351 quaedam
495 3268 543 3330 vis
573 3267 740 3326 ianuarum
774 3284 814 3325 ex
846 3264 995 3346 opinione
1026 3277 1177 3329 veterum.
1236 3266 1330 3350 Apud

311 3383 474 3445 Tibullum
503 3378 643 3444 vividum
671 3378 767 3440 huius
795 3379 917 3457 generis
945 3381 1050 3442 locum
1077 3379 1219 3444 videmus
1246 3382 1277 3456 l,
1299 3388 1329 3458 2,

311 3496 420 3560 7-14.
463 3491 603 3570 Quaeras
624 3491 762 3576 denique
782 3511 840 3553 cur
860 3488 1001 3554 noudum
1024 3493 1263 3558 memoraverim
1282 3494 1331 3554 lo·

310 3610 468 3671 sotionem
492 3610 610 3682 tursbn's
633 3629 709 3669 mors
731 3606 872 3688 adoperta
892 3617 980 3686 caput
1005 3605 1029 3682 Ι,
1052 3610 1080 3682 1,
1098 3613 1165 3682 70.,
1194 3605 1250 3670 ssd
1271 3606 1331 3669 hoe

309 3722 409 3783 sciens
433 3720 510 3800 leci;
535 3720 629 3799 plane
649 3738 717 3781 non
737 3719 873 3781 babetur
891 3717 938 3780 ibi
958 3736 1094 3798 persona
1108 3718 1224 3783 Mortis
1244 3733 1332 3782 tene·

309 3834 375 3895 bris
392 3846 446 3895 aut
467 3834 551 3893 nube
571 3842 664 3913 eaput
682 3842 808 3912 operta,
829 3828 885 3894 sed
903 3821 1036 3908 σκότος,
1054 3830 1158 3918 νέφος
1175 3825 1336 3900 θανάτου

310 3947 525 4023 notissimum,
565 3946 599 4006 in
633 3943 764 4008 mortuis
797 3941 884 4026 quod
914 3957 1106 4025 spectamus,
1146 3965 1218 4006 cum
1251 3947 1336 4009 oculi

310 4059 438 4137 caligine
463 4056 592 4121 obducti
617 4069 700 4119 sunt.
749 4055 853 4137 Atque
878 4057 955 4117 haee
979 4054 1018 4117 de
1042 4056 1102 4118 his.
1142 4053 1205 4118 Sed
1235 4058 1334 4120 utitur
