3009 4725
510 294 621 358 LIBR.
641 296 682 357 ll.
724 292 846 360 ELEG.
869 297 924 359 111.
1162 306 1223 366 247
1285 309 1290 317 '

198 481 255 540 tor,
283 474 309 527 iu
327 470 421 540 qulbus
439 484 502 523 ores
520 475 667 539 pascuntur.
705 469 792 537 Atque
810 470 846 523 itu
865 471 995 525 transtulit
1013 473 1129 529 Vossius
1148 481 1218 530 Ger-

197 575 312 639 manice,
335 574 360 625 ln
383 575 460 623 textu
482 575 569 623 autem
587 568 686 637 posuit:
711 576 744 617 ur
762 565 834 618 nuilla
851 567 990 621 inaunoera
1007 571 1104 643 iugera
1118 585 1220 643 paseat

197 694 257 731 ove,
282 689 348 742 quae
372 687 441 725 uuna
461 670 534 724 videa
551 672 614 723 satis
633 668 735 722 diversa
752 684 819 722 esse.
857 669 981 724 Ceterum
999 671 1032 724 de
1051 674 1138 727 ovium
1156 690 1220 742 gre-

196 763 272 839 gibus
290 774 316 825 in
335 768 477 823 latifundiis
490 769 615 822 Romanis
628 765 718 820 confer
734 767 814 820 etiam
829 768 938 824 Hoetu.
950 770 999 836 lll,
1015 777 1056 838 lli,
1066 778 1112 829 35.
1124 778 1168 826 36.
1184 804 1220 815 -

195 872 227 925 V.
247 876 291 926 43.
309 874 354 924 44.
390 870 473 923 Simul
497 868 589 921 domos
616 881 723 933 magnas
748 868 775 919 iu
798 867 864 920 urbe
890 874 1035 923 exstruunt.
1071 872 1219 927 Pronomeu

196 974 256 1026 Cui
286 987 394 1026 nervose
419 970 524 1040 copulet
550 967 679 1030 membra,
705 971 733 1019 et
759 967 847 1036 inepte
871 971 986 1024 Vossius
1013 974 1124 1028 coniecit
1142 976 1216 1048 qaia.

197 1074 249 1126 Ubi
270 1073 338 1125 euim
356 1069 454 1138 aliquid
474 1068 553 1122 simul
572 1073 613 1119 eut
631 1070 677 1118 aut
695 1067 732 1130 ut,
750 1065 807 1118 aire
823 1082 951 1152 personae
969 1070 1036 1125 duae
1053 1073 1146 1141 adsint,
1163 1077 1217 1130 sire
1240 1065 1247 1080 “

195 1190 239 1228 res
264 1174 331 1226 duae
355 1172 388 1225 de
413 1169 505 1223 eadam
529 1181 643 1237 persona
669 1165 803 1231 dicantur,
829 1166 913 1219 ulitur
935 1170 1021 1236 poesia
1045 1174 1148 1242 saepius
1170 1174 1218 1228 tac

194 1274 323 1337 iunctura,
340 1286 375 1324 ue
394 1269 538 1341 particulae
558 1264 649 1322 aimei,
668 1273 752 1337 atqua
769 1266 860 1323 eliam,
876 1268 972 1322 similes
989 1270 1157 1327 adhibeantur
1173 1283 1219 1329 aut

195 1392 276 1426 casua
294 1371 426 1430 absoluti,
452 1386 522 1440 quae
545 1383 644 1437 genera
665 1368 800 1420 iuncturae
819 1370 844 1420 iu
863 1372 937 1438 poesi
956 1370 1012 1426 iere
1034 1374 1093 1427 laxa
1111 1383 1171 1429 sunt
1190 1385 1217 1431 et

195 1476 295 1538 ieiuna;
320 1488 404 1539 neque
423 1474 600 1526 enimomnes
625 1468 820 1537 copulationes,
844 1485 909 1537 quas
934 1487 1011 1539 prosa
1028 1475 1112 1527 oratio
1130 1474 1217 1541 habet,

196 1576 274 1629 etiem
289 1575 319 1634 iu
337 1575 412 1643 poeai
428 1579 490 1626 aunt
505 1573 607 1638 bonae,
636 1578 664 1624 et
688 1573 711 1624 si
735 1569 888 1638 quibusdam
912 1572 937 1624 in
955 1572 1020 1624 locis
1036 1573 1136 1627 admitti
1154 1591 1216 1643 poa-

195 1685 268 1744 suut‚
289 1678 427 1746 displicent
443 1678 469 1730 lu
486 1676 545 1729 aliis
564 1675 661 1729 multia.
699 1675 733 1726 At
751 1687 893 1741 pronomen
912 1673 1045 1726 relativum
1064 1681 1215 1744 usurpatum

194 1778 254 1831 vide
271 1793 351 1847 supra
368 1778 403 1844 li,
422 1781 447 1843 1,
464 1782 508 1830 78.
544 1777 630 1830 Porro
648 1776 764 1830 Visera.
781 1774 846 1827 Aen.
865 1774 911 1839 lv,
931 1778 989 1828 138.
1009 1775 1070 1840 Xll,
1086 1779 1130 1830 db.
1149 1792 1215 1843 quus

195 1878 267 1931 locos
285 1876 373 1930 laudat
392 1876 554 1929 Huaenrtrus
571 1875 605 1929 ad
623 1875 644 1941 1,
663 1879 689 1940 6,
707 1878 751 1928 40.
778 1879 892 1926 celerum
917 1874 1017 1927 diversa
1042 1876 1159 1928 miscens.
1179 1905 1213 1915 -

193 1976 283 2045 lapis
307 1983 488 2040 externus,
519 1989 633 2027 marmor
657 1974 840 2042 peregrinum,
878 1974 953 2040 quale
978 1974 1154 2039 Synnadieum
1180 1993 1213 2029 ex

192 2075 317 2143 Phrygia,
335 2073 498 2140 Hymettium
518 2088 551 2126 ex
570 2072 843 2138 Altica‚'1'aenarium
862 2089 877 2125 e
894 2073 1110 2139 Lacedaemonia,
1130 2077 1213 2143 Cary-

191 2174 268 2227 atium
284 2190 317 2226 eu
330 2172 446 2239 Euboea,
464 2171 631 2225 Numidicum
643 2172 787 2238 endiriad,
804 2172 863 2239 elia,
881 2171 914 2225 el.
929 2172 995 2226 inira
1008 2173 1055 2238 lli,
1069 2177 1095 2239 3,
1113 2177 1154 2226 la.
1170 2177 1211 2227 tt.

184 2273 274 2330 'Putre
291 2276 362 2329 Hist.
379 2276 413 2328 Ν.
432 2274 558 2340 XXXVI,
575 2278 664 2341 sssqq.
683 2279 769 2340 laqq.
788 2273 897 2327 Honar.
917 2274 952 2338 ll,
971 2277 1014 2339 18,
1027 2278 1052 2325 3.
1071 2277 1097 2326 4.
1134 2274 1213 2327 Plura

193 2377 227 2431 de
250 2378 420 2430 marmoribus
443 2377 547 2429 Rornae
570 2377 702 2446 usurpatis
725 2377 784 2429 vide
808 2379 834 2430 iu
852 2376 1038 2447 Descriptioaa
1055 2378 1212 2429 Germanica

193 2473 268 2526 urbis
284 2476 384 2524 Romae
409 2491 428 2523 α
451 2474 621 2540 Fauentino,
645 2475 809 2540 Banasam,
835 2478 1012 2541 Gaudiano,
1033 2477 1213 2531 Rouarncmo

193 2575 263 2629 edita
286 2575 318 2629 Τ.
336 2576 359 2641 Ι,
383 2593 409 2643 p.
428 2578 482 2628 385
500 2590 558 2642 sqq.
576 2604 613 2617 -
643 2578 812 2645 urbisque
838 2578 1014 2631 tumultus.
1051 2580 1097 2632 Sic
1122 2580 1213 2648 optiuri

190 2675 250 2727 libri
266 2691 306 2745 pr,
323 2671 443 2745 urbique.
478 2674 619 2740 Portatur,
643 2677 695 2741 ait,
720 2690 832 2728 marmor
848 2690 895 2742 per
911 2675 982 2728 vicos
1001 2681 1086 2727 terror
1102 2677 1173 2727 urbis
1191 2694 1212 2729 s.

190 2781 315 2830 terrorem
337 2773 452 2827 inliciens
469 2773 584 2839 ciuibus,
613 2789 647 2826 ne
664 2774 863 2827 intremeutibus
881 2774 943 2825 vicis
962 2771 1041 2825 aedes
1058 2773 1107 2825 sibi
1128 2782 1211 2828 ruaut.
1284 2838 1287 2843 ξ

190 2877 237 2929 Sic
253 2882 326 2929 recte
344 2874 571 2937 uoacmumms,
600 2887 679 2939 quem
702 2874 820 2941 sequitur
837 2873 1086 2926 Wuauaanraurus.
1123 2871 1211 2938 Vulgo

190 2974 276 3026 minus
297 2973 365 3025 bene
386 2973 526 3025 tumultum
546 2969 695 3035 intelligunt
716 2973 855 3040 strepitum
872 2970 1049 3025 aedificiorum
1068 2985 1211 3023 concusso·

190 3087 248 3124 rum
261 3071 322 3123 dum
333 3071 468 3124 columnae
481 3066 715 3123 transveherentur.
741 3068 824 3137 (Nam
836 3072 1006 3137 columna,
1024 3076 1053 3123 ut
1067 3070 1124 3140 ipse
1138 3070 1210 3123 vides

190 3176 218 3222 et
235 3170 358 3223 Vannius
375 3171 489 3235 notavit,
507 3175 549 3222 est
567 3185 606 3237 pr.
625 3172 777 3238 columnae3
802 3180 873 3226 errat
891 3187 953 3225 vero
972 3172 1103 3225 Heraios
1121 3172 1210 3225 diceus
1297 3147 1300 3153 ⁸

185 3264 267 3320 'aliam
282 3266 352 3317 milla
365 3285 423 3321 cum
442 3265 565 3320 celeuma
579 3284 596 3319 a
612 3268 718 3321 Vuurro
733 3270 873 3337 iunctum.)
892 3272 988 3324 mille
1006 3271 1113 3338 iugis,
1131 3268 1211 3343 louge

185 3365 371 3423 vehiculorum
388 3368 479 3421 ordine
504 3370 609 3421 Sauac.
627 3367 713 3436 Epist.
734 3374 779 3422 90.
814 3371 955 3423 Praeterea
973 3370 1006 3423 de
1024 3375 1080 3425 totu
1099 3386 1127 3423 re
1146 3387 1210 3423 cou-

187 3465 270 3520 iartur
288 3468 447 3522 Mauricus
466 3470 500 3534 V,
517 3458 568 3518 2232
598 3464 703 3534 Vixque
728 3464 813 3517 datur
835 3468 930 3539 longas
955 3468 1087 3522 mulorum
1107 3468 1211 3520 vimara

187 3565 323 3625 mailros,
340 3571 469 3642 Quasque
487 3565 564 3620 troisi
582 3563 668 3617 multo
684 3581 819 3618 marmora
830 3567 905 3639 fuae
921 3568 1004 3622 videa·
1023 3573 1106 3626 Para.
1126 3571 1210 3622 Paua-

189 3677 247 3727 ssyr.
264 3669 316 3717 dir
344 3669 444 3739 Itaque
471 3686 524 3721 non
550 3676 583 3718 ut
606 3675 670 3717 anie
694 3665 850 3719 immanium
868 3670 1065 3723 transvectione
1083 3683 1210 3718 saxorum

188 3758 262 3813 urbis
280 3773 353 3815 tecta
370 3770 554 3837 praelinatum
580 3778 657 3822 aiant
677 3786 787 3821 securae
807 3768 908 3821 domus.
953 3767 1103 3822 Memineris
1121 3771 1208 3817 autern

188 3875 355 3930 permaguum
371 3866 452 3922 inisse
471 3870 634 3925 altitudinem
652 3869 830 3929 aedificiorum
847 3871 966 3933 Romae,
987 3867 1057 3919 unde
1074 3867 1211 3933 aliquoties

187 3957 302 4015 cohibita
324 3964 375 4018 luit
397 3967 431 4018 ab
450 3969 665 4036 imperatoribus,
693 3978 723 4025 nt
741 3980 831 4035 tamen
850 3971 928 4025 etiem
945 3966 984 4020 aic
1001 3970 1145 4018 nostrarum
1162 3966 1212 4018 do·

185 4077 274 4117 nauum
293 4063 400 4119 modum
420 4065 530 4121 multum
546 4079 690 4139 superaret.
729 4077 822 4162 Atque
834 4075 965 4144 Augustus
979 4063 1060 4135 pedes
1074 4070 1109 4117 to
1124 4065 1215 4118 tollere
