3009 4725
514 256 625 320 Llssll.
646 260 686 320 ll.
721 253 853 322 'ELEG.
873 260 915 321 V.
1151 266 1212 322 297

198 443 260 494 liena
289 436 391 491 landem
411 433 533 487 omittere
551 430 657 501 possiti
699 430 740 485 lta
758 446 826 486 nune
843 433 924 486 etism
941 430 1076 499 Tibullus,
1099 434 1214 487 solennia

194 546 217 595 is
230 538 392 601 describens,
410 532 497 601 qualis
513 539 574 584 ante
591 536 692 599 etpost
709 546 821 586 messem
839 532 952 599 agebant
972 533 1062 586 rustici
1081 532 1108 586 lu
1126 531 1215 597 herbe,

194 639 228 692 ui.
246 638 280 691 ad
300 637 335 702 ll,
354 638 381 701 1,
397 638 443 688 21.
461 660 495 671 -
524 639 672 700 operate
689 632 770 699 deo,
795 632 972 699 ct.ll,1,e.
1009 634 1132 688 Ceterum
1151 632 1215 686 haee

195 737 269 790 simul
295 733 417 803 opposita
434 737 495 785 sunt
512 738 574 784 ente
593 729 732 799 descriptis
760 731 838 784 rebus
864 730 989 787 humenis.
1009 761 1043 773 -
1071 734 1217 787 discum-

195 834 254 886 bet
278 834 311 886 in
337 829 453 884 berbe.
490 828 623 882 Herulus
647 830 795 897 comparari
819 829 892 883 iubet
909 834 999 885 Aunes
1017 833 1153 886 Perennae
1170 848 1215 885 so-

196 931 281 984 lennia
304 930 435 998 descripta
458 928 543 981 Ovio.
569 927 642 980 Fast
666 925 715 990 lli,
736 928 790 977 ωδ
810 943 866 996 sqq.
886 957 922 970 -
958 931 1104 985 Arbore,
1128 932 1215 985 anti.

198 1045 302 1096 quae,
329 1030 496 1098 quatetenus
514 1029 584 1080 altae
601 1028 669 1092 siut,
688 1028 845 1096 patulosque
863 1044 949 1084 munos
969 1029 1095 1098 babeant,
1114 1032 1217 1100 longina

200 1130 302 1184 umbras
319 1130 416 1183 iaciunt
435 1130 461 1181 in
478 1142 569 1182 omues
587 1135 685 1196 partes.
708 1125 819 1180 Hoann.
836 1126 922 1196 Epod.
941 1128 976 1194 ll,
993 1132 1044 1184 iila
1062 1128 1148 1181 inem
1166 1129 1217 1181 snb

200 1229 317 1301 antiqua
333 1228 409 1286 ilios,
433 1226 458 1281 b.
477 1245 502 1281 e.
521 1229 612 1298 patula
630 1233 658 1281 et
675 1227 807 1283 urnbrosa.
845 1229 960 1282 Omnino
978 1244 1058 1297 saepe
1074 1231 1172 1283 mentio
1186 1231 1218 1284 iit

199 1328 361 1396 antiquarum
378 1327 516 1394 arborum,
542 1327 587 1380 ubi
603 1328 698 1388 ‚mavia
722 1325 813 1379 umbra
836 1326 1004 1394 designanda.
1041 1329 1215 1384 Garunna·

201 1426 302 1479 confert
325 1428 408 1481 Pulli·
428 1428 513 1497 Epist
532 1428 605 1496 vili,
623 1434 656 1481 7:
686 1425 810 1478 Modicus
835 1427 911 1479 collis
936 1427 1077 1500 assurgit,
1101 1426 1219 1500 antiqua

202 1541 330 1593 cupressu
353 1542 504 1578 neruosusne
528 1535 555 1578 et
579 1541 689 1596 opacus.
710 1552 748 1565 -
774 1524 863 1578 levis
887 1527 1020 1593 umbra,
1048 1526 1128 1581 credo
1152 1540 1221 1594 quae

202 1641 253 1677 uon
281 1624 356 1677 nimis
379 1627 522 1694 propinqus
546 1633 655 1694 urgeat,
684 1630 777 1695 utpote
794 1627 854 1680 sitis
874 1628 953 1680 ramis
971 1626 1103 1699 (infliget
1119 1627 1221 1678 Scitot-

203 1723 280 1792 ren)‚
304 1739 363 1777 eum
390 1731 479 1778 eontm
503 1724 652 1779 humiliores
677 1724 785 1781 erbores
807 1728 941 1780 molestum
965 1725 1081 1780 umbram
1100 1723 1219 1779 habeant.

204 1825 251 1876 Sic
278 1823 501 1878 accommodatum
529 1832 571 1878 est
596 1822 730 1894 epitheton
755 1824 863 1879 consilio
890 1825 949 1878 loui.
996 1823 1131 1878 fluxurus
1155 1839 1220 1878 vere

202 1923 286 1989 „levis
304 1923 410 1991 umbra,
429 1924 527 1992 iuquit,
550 1930 679 1992 perpetuo
696 1921 812 1993 epitheto
830 1924 939 1989 dieitur,
958 1927 1021 1991 puto
1040 1922 1101 1988 qnia
1119 1920 1189 1975 iuliis
1204 1937 1220 1975 e

205 2022 297 2076 fronde
315 2024 435 2078 arborum
456 2024 549 2077 leviter
563 2022 597 2075 ab
615 2038 678 2076 eura
698 2023 776 2076 motis
794 2024 851 2092 ipsa
868 2022 959 2076 umbra
975 2024 1054 2078 micat
1071 2029 1098 2075 et
1116 2028 1222 2077 contre·

204 2123 317 2177 miscit.“
354 2125 388 2176 nt
413 2125 483 2176 enirn
509 2130 539 2175 ut
562 2122 620 2175 aliis
647 2122 712 2175 loeis
737 2123 876 2175 conveniat
901 2120 966 2176 baec
984 2123 1153 2191 significatio,
1180 2119 1222 2173 bie

205 2222 303 2276 inutilis
316 2228 357 2276 eat
369 2228 396 2278 et
407 2224 501 2277 otiosa.
536 2220 625 2273 Etiam
646 2227 772 2290 perpetua
791 2218 908 2290 epitheta
925 2237 973 2291 per
990 2227 1073 2274 totum
1089 2221 1222 2274 Tibullum

206 2323 245 2375 aie
263 2326 324 2392 puni
341 2323 468 2390 vidimus,
491 2330 522 2377 ut
540 2336 645 2391 quoqne
663 2322 791 2391 locoaiu
811 2321 937 2391 babeant,
954 2339 1040 2392 neque
1057 2322 1127 2392 quod
1144 2322 1224 2388 vulgo

210 2430 364 2491 perpetuum
381 2423 477 2476 dicitnr
494 2421 640 2491 epitheton,
665 2424 762 2491 ubique
780 2425 888 2478 eandem
905 2427 1120 2494 significationem
1139 2423 1225 2487 hebet,

207 2519 241 2573 oi.
261 2520 295 2572 ed
312 2521 347 2586 11,
363 2526 390 2587 6,
410 2526 437 2573 8.
475 2520 596 2575 Ceterum
615 2523 728 2574 nemoris
746 2521 814 2574 levia
832 2521 928 2575 umbra
946 2530 988 2576 eat
1005 2526 1088 2579 Ovio.
1107 2525 1172 2578 Met·
1190 2524 1225 2590 V,

207 2625 269 2674 336.
289 2647 323 2659 -
349 2623 383 2675 V.
400 2626 435 2674 lii
453 2638 510 2690 sqq.
547 2624 611 2676 Aut
630 2639 645 2675 e
664 2628 761 2677 veste
779 2639 839 2677 sua
856 2629 908 2677 ete·
934 2625 1017 2679 Ovio.
1035 2625 1107 2677 Fast
1126 2627 1144 2676 l.
1162 2626 1223 2678 eit:

207 2722 279 2771 Pure
298 2715 345 2770 ubi
359 2736 410 2789 pro
427 2718 522 2790 rigidis
540 2720 658 2773 calamna
675 2730 798 2773 statuere
813 2720 949 2778 columnis,
967 2724 1091 2790 Desuper
1101 2728 1226 2772 exientes

207 2799 353 2890 inposuere
371 2828 458 2891 togae.
494 2822 562 2874 Sunt
580 2821 646 2875 baec
667 2823 816 2877 umbracula
834 2824 942 2877 sertis
960 2825 1078 2877 vineta
1100 2823 1225 2886 suaviter,

209 2923 330 2975 viminum
349 2930 377 2976 et
394 2923 528 2975 iuncorum
546 2925 572 2976 in
599 2940 697 2978 morem
717 2926 816 2978 cineum
837 2925 999 2989 errantibus,
1026 2923 1099 2990 quusi
1117 2918 1225 2973 frondea

208 3023 243 3075 ait
267 3019 375 3076 trichila.
412 3025 493 3077 Plura
517 3022 550 3077 de
578 3023 618 3078 bis
646 3027 725 3079 rebus
753 3026 813 3079 aide
839 3027 909 3096 epud
938 3026 1084 3078 Hnrnrunr·
1129 3018 1226 3073 Confer

208 3123 286 3176 etiarn
309 3139 387 3194 supra
410 3124 446 3191 ll,
466 3129 491 3191 i,
507 3128 552 3179 24.
570 3153 607 3165 -·
638 3131 844 3191 coronatus,
870 3131 901 3178 nt
925 3125 1004 3178 neoris
1033 3121 1144 3175 Graecis
1168 3126 1228 3188 post

209 3224 353 3279 Homerum
378 3233 407 3279 et
424 3226 565 3292 Romanis,
592 3227 625 3279 ci.
647 3228 722 3280 Voss.
741 3226 775 3280 ad
794 3227 868 3293 Vite.
887 3227 989 3292 Georg·
1007 3224 1042 3289 ΙΙ,
1064 3241 1090 3292 p.
1109 3225 1172 3275 tal.
1198 3227 1226 3274 et

207 3324 430 3378 Baoucnuusrun
449 3326 482 3378 ed
500 3325 643 3377 Tibullum.
662 3352 696 3363 -
722 3322 793 3375 sibi
811 3323 975 3390 quisque,
998 3338 1058 3376 nem
1077 3320 1227 3375 umbracula

208 3429 382 3481 communiter
400 3427 516 3481 fecerant
533 3440 696 3479 communem
715 3424 740 3475 in
758 3437 843 3478 usum.
857 3450 893 3462 -
914 3422 1129 3492 cespitibus·
1158 3423 1228 3475 Sua-

207 3528 245 3581 vis
263 3530 334 3583 lusus
350 3531 378 3582 iu
396 3529 554 3598 repetitione
578 3526 658 3580 vocis.
695 3526 816 3577 Delectat
839 3527 953 3580 animan
971 3528 1116 3596 ooffl'tetiu,
1140 3523 1227 3578 omnia

207 3621 249 3675 bic
266 3641 282 3676 e
300 3626 376 3679 viridi
393 3627 494 3696 cespite
513 3642 579 3679 esse.
617 3627 755 3679 Postremo
781 3640 892 3691 quaeres
919 3626 1051 3694 quomodo
1069 3626 1164 3681 laetam
1185 3622 1229 3687 sit,

208 3725 239 3768 ut
260 3736 320 3773 eum
345 3723 372 3775 in
397 3723 447 3777 boc
474 3727 578 3780 demum
605 3722 715 3778 disticho
741 3726 775 3780 de
800 3726 895 3778 mensis
920 3733 949 3777 et
972 3725 1081 3793 dapibus
1099 3725 1228 3788 loquatur,

209 3817 315 3870 calicem
336 3820 387 3872 iana
406 3823 431 3874 iu
447 3827 609 3880 antecedenti
627 3831 820 3886 memoraverit.
856 3826 959 3894 Nempe
973 3832 1109 3895 postquam
1123 3824 1228 3877 umbra-

209 3915 268 3967 cula
287 3917 355 3969 (linit
371 3922 450 3974 sertis
469 3926 569 3993 intua,
587 3931 700 3983 suaviter
717 3936 808 3991 statim
827 3927 972 3984 redimitum
991 3925 1067 3977 sertis
1085 3925 1163 3977 etiem
1183 3938 1230 3977 ee-

209 4016 284 4069 licem
311 4025 439 4073 uomet
463 4032 523 4078 aute
549 4037 684 4097 potantes,
711 4041 819 4105 panim
847 4046 899 4088 uno
918 4025 1027 4082 diabulo
1048 4028 1231 4096 conplectens.
