<?xml version="1.0" encoding="UTF-8"?>
<!DOCTYPE html PUBLIC "-//W3C//DTD XHTML 1.0 Transitional//EN"
    "http://www.w3.org/TR/xhtml1/DTD/xhtml1-transitional.dtd">
<html xmlns="http://www.w3.org/1999/xhtml" xml:lang="en" lang="en">
 <head>
  <title>
</title>
<meta http-equiv="Content-Type" content="text/html;charset=utf-8" />
  <meta name='ocr-system' content='tesseract 3.04.00' />
  <meta name='ocr-capabilities' content='ocr_page ocr_carea ocr_par ocr_line ocrx_word'/>
</head>
<body>
  <div class='ocr_page' id='page_1' title='image "albiitibullicar00unkngoog_0416.png"; bbox 0 0 3009 4725; ppageno 0'>
   <div class='ocr_carea' id='block_1_1' title="bbox 284 393 1111 514">
    <p class='ocr_par' dir='ltr' id='par_1_1' title="bbox 284 393 1111 514">
     <span class='ocr_line' id='line_1_1' title="bbox 284 393 1111 514; baseline 0.01 -57"><span class='ocrx_word' id='word_1_1' title='bbox 284 489 296 514; x_wconf 31' lang='grc' dir='ltr'>ὲ</span> <span class='ocrx_word' id='word_1_2' title='bbox 330 402 371 458; x_wconf 78' lang='lat'>82</span> <span class='ocrx_word' id='word_1_3' title='bbox 563 393 844 462; x_wconf 82' lang='lat' dir='ltr'><strong>COMMENTAR.</strong></span> <span class='ocrx_word' id='word_1_4' title='bbox 870 401 916 463; x_wconf 78' lang='grc' dir='ltr'>ΙΝ</span> <span class='ocrx_word' id='word_1_5' title='bbox 939 401 1111 466; x_wconf 85' lang='lat' dir='ltr'>TlBULLl</span> 
     </span>
    </p>
   </div>
   <div class='ocr_carea' id='block_1_2' title="bbox 335 553 1355 848">
    <p class='ocr_par' dir='ltr' id='par_1_2' title="bbox 335 553 1355 848">
     <span class='ocr_line' id='line_1_2' title="bbox 335 553 1355 645; baseline 0.014 -21"><span class='ocrx_word' id='word_1_6' title='bbox 335 571 396 642; x_wconf 83' lang='lat' dir='ltr'>popl</span> <span class='ocrx_word' id='word_1_7' title='bbox 418 568 533 625; x_wconf 88' lang='lat' dir='ltr'>ostendit</span> <span class='ocrx_word' id='word_1_8' title='bbox 555 570 798 626; x_wconf 81' lang='lat' dir='ltr'>Wuanurrurcssrus</span> <span class='ocrx_word' id='word_1_9' title='bbox 825 590 840 626; x_wconf 87' lang='lat' dir='ltr'>e</span> <span class='ocrx_word' id='word_1_10' title='bbox 869 576 993 630; x_wconf 76' lang='lat' dir='ltr'>Saarna.</span> <span class='ocrx_word' id='word_1_11' title='bbox 1017 553 1083 645; x_wconf 57' lang='lat' dir='ltr'>Au&#39;g.</span> <span class='ocrx_word' id='word_1_12' title='bbox 1102 580 1145 630; x_wconf 77' lang='lat'>42.</span> <span class='ocrx_word' id='word_1_13' title='bbox 1172 581 1271 635; x_wconf 75' lang='lat' dir='ltr'>Tacts.</span> <span class='ocrx_word' id='word_1_14' title='bbox 1290 585 1355 638; x_wconf 74' lang='lat' dir='ltr'>lan.</span> 
     </span>
     <span class='ocr_line' id='line_1_3' title="bbox 335 667 1355 740; baseline 0.008 -14"><span class='ocrx_word' id='word_1_15' title='bbox 335 673 357 740; x_wconf 87' lang='lat' dir='ltr'>l,</span> <span class='ocrx_word' id='word_1_16' title='bbox 378 678 419 726; x_wconf 89' lang='lat'>10.</span> <span class='ocrx_word' id='word_1_17' title='bbox 438 670 508 739; x_wconf 87' lang='lat' dir='ltr'>quod</span> <span class='ocrx_word' id='word_1_18' title='bbox 526 677 613 724; x_wconf 87' lang='lat' dir='ltr'>tamen</span> <span class='ocrx_word' id='word_1_19' title='bbox 633 672 752 727; x_wconf 74' lang='lat' dir='ltr'>Tibullus</span> <span class='ocrx_word' id='word_1_20' title='bbox 771 690 822 727; x_wconf 89' lang='lat' dir='ltr'>nou</span> <span class='ocrx_word' id='word_1_21' title='bbox 840 674 912 727; x_wconf 81' lang='lat' dir='ltr'>fecit.</span> <span class='ocrx_word' id='word_1_22' title='bbox 931 703 966 713; x_wconf 91' lang='lat'>-·</span> <span class='ocrx_word' id='word_1_23' title='bbox 994 677 1130 731; x_wconf 87' lang='lat' dir='ltr'>deserit</span> <span class='ocrx_word' id='word_1_24' title='bbox 1153 680 1246 734; x_wconf 84' lang='lat' dir='ltr'>sitim</span> <span class='ocrx_word' id='word_1_25' title='bbox 1264 667 1355 734; x_wconf 58' lang='lat' dir='ltr'>0‘tuate</span> 
     </span>
     <span class='ocr_line' id='line_1_4' title="bbox 338 770 1354 848; baseline 0.009 -26"><span class='ocrx_word' id='word_1_26' title='bbox 338 787 378 840; x_wconf 87' lang='lat' dir='ltr'>pr.</span> <span class='ocrx_word' id='word_1_27' title='bbox 397 770 495 823; x_wconf 87' lang='lat' dir='ltr'>deserit</span> <span class='ocrx_word' id='word_1_28' title='bbox 512 771 642 826; x_wconf 71' lang='lat' dir='ltr'>sitientem</span> <span class='ocrx_word' id='word_1_29' title='bbox 660 773 694 826; x_wconf 88' lang='lat' dir='ltr'>ct&#39;.</span> <span class='ocrx_word' id='word_1_30' title='bbox 712 773 747 826; x_wconf 82' lang='lat' dir='ltr'>acl</span> <span class='ocrx_word' id='word_1_31' title='bbox 765 773 787 840; x_wconf 88' lang='lat'>1,</span> <span class='ocrx_word' id='word_1_32' title='bbox 804 778 831 842; x_wconf 74' lang='lat'>2,</span> <span class='ocrx_word' id='word_1_33' title='bbox 851 778 894 829; x_wconf 87' lang='lat' dir='ltr'>ll.</span> <span class='ocrx_word' id='word_1_34' title='bbox 924 776 1067 830; x_wconf 80' lang='lat' dir='ltr'>Paoasau.</span> <span class='ocrx_word' id='word_1_35' title='bbox 1086 776 1176 848; x_wconf 62' lang='lat' dir='ltr'>trip,</span> <span class='ocrx_word' id='word_1_36' title='bbox 1195 782 1229 831; x_wconf 80' lang='lat'>4:</span> <span class='ocrx_word' id='word_1_37' title='bbox 1247 797 1296 829; x_wconf 80' lang='lat' dir='ltr'>aec</span> <span class='ocrx_word' id='word_1_38' title='bbox 1314 779 1354 831; x_wconf 81' lang='lat' dir='ltr'>bi-</span> 
     </span>
    </p>
   </div>
   <div class='ocr_carea' id='block_1_3' title="bbox 229 867 1354 943">
    <p class='ocr_par' dir='ltr' id='par_1_3' title="bbox 229 867 1354 943">
     <span class='ocr_line' id='line_1_5' title="bbox 229 867 1354 943; baseline 0.011 -26"><span class='ocrx_word' id='word_1_39' title='bbox 229 925 238 942; x_wconf 52' lang='lat'><strong>·</strong></span> <span class='ocrx_word' id='word_1_40' title='bbox 336 868 528 938; x_wconf 76' lang='lat' dir='ltr'>bitrgeasma</span> <span class='ocrx_word' id='word_1_41' title='bbox 548 867 630 921; x_wconf 78' lang='lat' dir='ltr'>divite</span> <span class='ocrx_word' id='word_1_42' title='bbox 648 870 886 926; x_wconf 64' lang='lat' dir='ltr'>nostratium-</span> <span class='ocrx_word' id='word_1_43' title='bbox 919 873 951 924; x_wconf 86' lang='lat' dir='ltr'>V.</span> <span class='ocrx_word' id='word_1_44' title='bbox 970 877 1004 924; x_wconf 77' lang='grc'>19</span> <span class='ocrx_word' id='word_1_45' title='bbox 1022 889 1061 939; x_wconf 84' lang='lat' dir='ltr'>sq.</span> <span class='ocrx_word' id='word_1_46' title='bbox 1098 873 1354 943; x_wconf 86' lang='lat' dir='ltr'>Danalproles,</span> 
     </span>
    </p>
   </div>
   <div class='ocr_carea' id='block_1_4' title="bbox 278 965 1354 2128">
    <p class='ocr_par' dir='ltr' id='par_1_4' title="bbox 278 965 1354 2128">
     <span class='ocr_line' id='line_1_6' title="bbox 333 965 1351 1041; baseline 0.009 -22"><span class='ocrx_word' id='word_1_47' title='bbox 333 965 465 1019; x_wconf 84' lang='lat' dir='ltr'>Danaides</span> <span class='ocrx_word' id='word_1_48' title='bbox 491 982 542 1021; x_wconf 90' lang='lat' dir='ltr'>nou</span> <span class='ocrx_word' id='word_1_49' title='bbox 570 984 675 1036; x_wconf 85' lang='lat' dir='ltr'>omues,</span> <span class='ocrx_word' id='word_1_50' title='bbox 700 970 749 1024; x_wconf 86' lang='lat' dir='ltr'>sed</span> <span class='ocrx_word' id='word_1_51' title='bbox 776 988 823 1026; x_wconf 85' lang='lat' dir='ltr'>eae</span> <span class='ocrx_word' id='word_1_52' title='bbox 850 988 915 1041; x_wconf 86' lang='lat' dir='ltr'>quae</span> <span class='ocrx_word' id='word_1_53' title='bbox 940 973 1046 1024; x_wconf 84' lang='lat' dir='ltr'>maritos</span> <span class='ocrx_word' id='word_1_54' title='bbox 1072 989 1134 1026; x_wconf 89' lang='lat' dir='ltr'>suos</span> <span class='ocrx_word' id='word_1_55' title='bbox 1159 975 1351 1030; x_wconf 74' lang='lat' dir='ltr'>interfecerunt.</span> 
     </span>
     <span class='ocr_line' id='line_1_7' title="bbox 302 1066 1351 1141; baseline 0.008 -22"><span class='ocrx_word' id='word_1_56' title='bbox 302 1075 310 1092; x_wconf 93' lang='grc'><em>·</em></span> <span class='ocrx_word' id='word_1_57' title='bbox 335 1066 459 1119; x_wconf 79' lang='lat' dir='ltr'>Ceterum</span> <span class='ocrx_word' id='word_1_58' title='bbox 484 1082 527 1119; x_wconf 92' lang='lat' dir='ltr'>res</span> <span class='ocrx_word' id='word_1_59' title='bbox 551 1071 628 1133; x_wconf 85' lang='lat' dir='ltr'>nota&#39;,</span> <span class='ocrx_word' id='word_1_60' title='bbox 654 1069 689 1122; x_wconf 82' lang='lat' dir='ltr'>ci.</span> <span class='ocrx_word' id='word_1_61' title='bbox 709 1070 849 1122; x_wconf 78' lang='lat' dir='ltr'>Aeoauou.</span> <span class='ocrx_word' id='word_1_62' title='bbox 869 1069 903 1130; x_wconf 89' lang='lat' dir='ltr'>ll,</span> <span class='ocrx_word' id='word_1_63' title='bbox 924 1072 948 1122; x_wconf 90' lang='lat' dir='ltr'>l.</span> <span class='ocrx_word' id='word_1_64' title='bbox 967 1075 994 1121; x_wconf 89' lang='lat' dir='ltr'>et</span> <span class='ocrx_word' id='word_1_65' title='bbox 1017 1069 1161 1141; x_wconf 88' lang='lat' dir='ltr'>interprett.</span> <span class='ocrx_word' id='word_1_66' title='bbox 1187 1074 1219 1125; x_wconf 90' lang='lat' dir='ltr'>ad</span> <span class='ocrx_word' id='word_1_67' title='bbox 1244 1074 1351 1127; x_wconf 79' lang='lat' dir='ltr'>lisura.</span> 
     </span>
     <span class='ocr_line' id='line_1_8' title="bbox 334 1161 1353 1237; baseline 0.007 -22"><span class='ocrx_word' id='word_1_68' title='bbox 334 1168 440 1218; x_wconf 54' lang='lat' dir='ltr'>loea—</span> <span class='ocrx_word' id='word_1_69' title='bbox 457 1165 605 1219; x_wconf 87' lang='lat' dir='ltr'>Veueris</span> <span class='ocrx_word' id='word_1_70' title='bbox 623 1167 753 1219; x_wconf 86' lang='lat' dir='ltr'>numina</span> <span class='ocrx_word' id='word_1_71' title='bbox 771 1161 891 1231; x_wconf 88' lang='lat' dir='ltr'>laesit,</span> <span class='ocrx_word' id='word_1_72' title='bbox 909 1171 940 1218; x_wconf 89' lang='lat' dir='ltr'>ut</span> <span class='ocrx_word' id='word_1_73' title='bbox 960 1166 1097 1228; x_wconf 83' lang='lat' dir='ltr'>laeduntur</span> <span class='ocrx_word' id='word_1_74' title='bbox 1114 1170 1149 1223; x_wconf 89' lang='lat' dir='ltr'>dii</span> <span class='ocrx_word' id='word_1_75' title='bbox 1169 1172 1285 1237; x_wconf 75' lang='lat' dir='ltr'>legitimo</span> <span class='ocrx_word' id='word_1_76' title='bbox 1304 1185 1353 1222; x_wconf 89' lang='lat' dir='ltr'>usu</span> 
     </span>
     <span class='ocr_line' id='line_1_9' title="bbox 333 1263 1351 1336; baseline 0.01 -23"><span class='ocrx_word' id='word_1_77' title='bbox 333 1263 435 1317; x_wconf 82' lang='lat' dir='ltr'>‹liceadi</span> <span class='ocrx_word' id='word_1_78' title='bbox 453 1264 663 1331; x_wconf 72' lang='lat' dir='ltr'>abeuntibus,</span> <span class='ocrx_word' id='word_1_79' title='bbox 687 1266 855 1333; x_wconf 79' lang='lat' dir='ltr'>coniugibus,</span> <span class='ocrx_word' id='word_1_80' title='bbox 882 1268 926 1333; x_wconf 89' lang='lat' dir='ltr'>qui</span> <span class='ocrx_word' id='word_1_81' title='bbox 944 1267 1022 1321; x_wconf 87' lang='lat' dir='ltr'>iidem</span> <span class='ocrx_word' id='word_1_82' title='bbox 1041 1268 1127 1324; x_wconf 88' lang='lat' dir='ltr'>datam</span> <span class='ocrx_word' id='word_1_83' title='bbox 1146 1270 1250 1336; x_wconf 73' lang='lat' dir='ltr'>fallunt,</span> <span class='ocrx_word' id='word_1_84' title='bbox 1277 1272 1310 1323; x_wconf 86' lang='lat' dir='ltr'>cl.</span> <span class='ocrx_word' id='word_1_85' title='bbox 1330 1270 1351 1334; x_wconf 86' lang='grc' dir='ltr'>Ι,</span> 
     </span>
     <span class='ocr_line' id='line_1_10' title="bbox 334 1359 1352 1429; baseline 0.007 -16"><span class='ocrx_word' id='word_1_86' title='bbox 334 1366 361 1426; x_wconf 84' lang='grc'>9,</span> <span class='ocrx_word' id='word_1_87' title='bbox 379 1366 405 1414; x_wconf 81' lang='lat'>6.</span> <span class='ocrx_word' id='word_1_88' title='bbox 424 1362 506 1414; x_wconf 82' lang='lat' dir='ltr'>Orru.</span> <span class='ocrx_word' id='word_1_89' title='bbox 523 1359 633 1416; x_wconf 72' lang='lat' dir='ltr'>Heruli.</span> <span class='ocrx_word' id='word_1_90' title='bbox 650 1363 685 1429; x_wconf 90' lang='lat' dir='ltr'>ll,</span> <span class='ocrx_word' id='word_1_91' title='bbox 702 1365 746 1416; x_wconf 77' lang='grc'>43.</span> <span class='ocrx_word' id='word_1_92' title='bbox 783 1362 906 1416; x_wconf 86' lang='lat' dir='ltr'>Ceterum</span> <span class='ocrx_word' id='word_1_93' title='bbox 926 1365 1054 1419; x_wconf 83' lang='lat' dir='ltr'>Venerem</span> <span class='ocrx_word' id='word_1_94' title='bbox 1072 1373 1173 1420; x_wconf 79' lang='lat' dir='ltr'>constat</span> <span class='ocrx_word' id='word_1_95' title='bbox 1191 1369 1269 1420; x_wconf 88' lang='lat' dir='ltr'>etiam</span> <span class='ocrx_word' id='word_1_96' title='bbox 1287 1383 1352 1420; x_wconf 90' lang='lat' dir='ltr'>cou-</span> 
     </span>
     <span class='ocr_line' id='line_1_11' title="bbox 278 1451 1353 1534; baseline 0.007 -21"><span class='ocrx_word' id='word_1_97' title='bbox 278 1451 286 1468; x_wconf 82' lang='lat'>&#39;</span> <span class='ocrx_word' id='word_1_98' title='bbox 333 1462 411 1529; x_wconf 79' lang='lat' dir='ltr'>logiis</span> <span class='ocrx_word' id='word_1_99' title='bbox 427 1462 586 1530; x_wconf 72' lang='lat' dir='ltr'>praefuisse,</span> <span class='ocrx_word' id='word_1_100' title='bbox 611 1462 645 1516; x_wconf 85' lang='lat' dir='ltr'>el.</span> <span class='ocrx_word' id='word_1_101' title='bbox 667 1462 845 1516; x_wconf 72' lang='lat' dir='ltr'>Broucrrnus.</span> <span class='ocrx_word' id='word_1_102' title='bbox 862 1491 898 1502; x_wconf 90' lang='lat'>·—</span> <span class='ocrx_word' id='word_1_103' title='bbox 918 1466 948 1517; x_wconf 92' lang='lat' dir='ltr'>iu</span> <span class='ocrx_word' id='word_1_104' title='bbox 974 1476 1057 1519; x_wconf 68' lang='lat' dir='ltr'>cars</span> <span class='ocrx_word' id='word_1_105' title='bbox 1075 1468 1181 1534; x_wconf 89' lang='lat' dir='ltr'>dolia,</span> <span class='ocrx_word' id='word_1_106' title='bbox 1207 1473 1290 1520; x_wconf 71' lang='grc' dir='ltr'><strong><em>πίθον</em></strong></span> <span class='ocrx_word' id='word_1_107' title='bbox 1307 1488 1353 1521; x_wconf 78' lang='grc' dir='ltr'>τε·</span> 
     </span>
     <span class='ocr_line' id='line_1_12' title="bbox 333 1561 1353 1636; baseline 0.01 -24"><span class='ocrx_word' id='word_1_108' title='bbox 333 1565 460 1632; x_wconf 70' lang='lat' dir='ltr'>rt’ll‘lror</span> <span class='ocrx_word' id='word_1_109' title='bbox 477 1561 566 1616; x_wconf 85' lang='lat' dir='ltr'>dieunt</span> <span class='ocrx_word' id='word_1_110' title='bbox 578 1564 681 1628; x_wconf 84' lang='lat' dir='ltr'>Graeci,</span> <span class='ocrx_word' id='word_1_111' title='bbox 699 1562 732 1616; x_wconf 84' lang='lat' dir='ltr'>ci.</span> <span class='ocrx_word' id='word_1_112' title='bbox 743 1565 830 1619; x_wconf 76' lang='lat' dir='ltr'>Peru.</span> <span class='ocrx_word' id='word_1_113' title='bbox 849 1567 933 1633; x_wconf 81' lang='lat' dir='ltr'>Gorg.</span> <span class='ocrx_word' id='word_1_114' title='bbox 945 1585 970 1636; x_wconf 90' lang='lat' dir='ltr'>p.</span> <span class='ocrx_word' id='word_1_115' title='bbox 980 1571 1042 1620; x_wconf 78' lang='lat'>49³.</span> <span class='ocrx_word' id='word_1_116' title='bbox 1054 1569 1085 1620; x_wconf 89' lang='grc' dir='ltr'>Β.</span> <span class='ocrx_word' id='word_1_117' title='bbox 1105 1569 1306 1622; x_wconf 76' lang='lat' dir='ltr'>Hessunanus.</span> <span class='ocrx_word' id='word_1_118' title='bbox 1319 1570 1353 1622; x_wconf 91' lang='lat' dir='ltr'>ad</span> 
     </span>
     <span class='ocr_line' id='line_1_13' title="bbox 334 1645 1354 1738; baseline 0.01 -22"><span class='ocrx_word' id='word_1_119' title='bbox 334 1662 442 1716; x_wconf 72' lang='lat' dir='ltr'>uacua.</span> <span class='ocrx_word' id='word_1_120' title='bbox 462 1661 530 1715; x_wconf 79' lang='lat' dir='ltr'>aaa</span> <span class='ocrx_word' id='word_1_121' title='bbox 549 1664 643 1716; x_wconf 70' lang='lat' dir='ltr'>arana</span> <span class='ocrx_word' id='word_1_122' title='bbox 660 1659 706 1717; x_wconf 82' lang='lat' dir='ltr'>m.</span> <span class='ocrx_word' id='word_1_123' title='bbox 723 1665 831 1734; x_wconf 84' lang='lat' dir='ltr'>Btpoat.</span> <span class='ocrx_word' id='word_1_124' title='bbox 850 1667 881 1719; x_wconf 81' lang='grc' dir='ltr'>Τ.</span> <span class='ocrx_word' id='word_1_125' title='bbox 896 1645 975 1736; x_wconf 76' lang='lat' dir='ltr'>ra&#39;p.</span> <span class='ocrx_word' id='word_1_126' title='bbox 988 1672 1051 1721; x_wconf 79' lang='lat' dir='ltr'>aar.</span> <span class='ocrx_word' id='word_1_127' title='bbox 1070 1669 1181 1723; x_wconf 68' lang='lat' dir='ltr'>noan.</span> <span class='ocrx_word' id='word_1_128' title='bbox 1194 1670 1241 1737; x_wconf 77' lang='grc' dir='ltr'>ιη,</span> <span class='ocrx_word' id='word_1_129' title='bbox 1257 1675 1297 1738; x_wconf 85' lang='lat' dir='ltr'>n,</span> <span class='ocrx_word' id='word_1_130' title='bbox 1309 1675 1354 1726; x_wconf 79' lang='lat' dir='ltr'>ue.</span> 
     </span>
     <span class='ocr_line' id='line_1_14' title="bbox 334 1759 1353 1837; baseline 0.009 -22"><span class='ocrx_word' id='word_1_131' title='bbox 334 1759 403 1815; x_wconf 81' lang='lat' dir='ltr'>Vide</span> <span class='ocrx_word' id='word_1_132' title='bbox 419 1766 555 1830; x_wconf 87' lang='lat' dir='ltr'>praeterea</span> <span class='ocrx_word' id='word_1_133' title='bbox 573 1762 606 1814; x_wconf 90' lang='lat' dir='ltr'>de</span> <span class='ocrx_word' id='word_1_134' title='bbox 623 1760 672 1814; x_wconf 85' lang='lat' dir='ltr'>bac</span> <span class='ocrx_word' id='word_1_135' title='bbox 690 1763 776 1816; x_wconf 80' lang='lat' dir='ltr'>sabula</span> <span class='ocrx_word' id='word_1_136' title='bbox 794 1764 1003 1820; x_wconf 59' lang='lat' dir='ltr'>&amp;arcicanum</span> <span class='ocrx_word' id='word_1_137' title='bbox 1023 1769 1049 1821; x_wconf 88' lang='lat' dir='ltr'>iu</span> <span class='ocrx_word' id='word_1_138' title='bbox 1066 1768 1235 1837; x_wconf 75' lang='lat' dir='ltr'>Archaeolog.</span> <span class='ocrx_word' id='word_1_139' title='bbox 1253 1772 1353 1825; x_wconf 88' lang='lat' dir='ltr'>Pictur.</span> 
     </span>
     <span class='ocr_line' id='line_1_15' title="bbox 333 1849 1352 1935; baseline 0.008 -21"><span class='ocrx_word' id='word_1_140' title='bbox 333 1879 360 1931; x_wconf 91' lang='lat' dir='ltr'>p.</span> <span class='ocrx_word' id='word_1_141' title='bbox 372 1861 426 1915; x_wconf 71' lang='lat'>362</span> <span class='ocrx_word' id='word_1_142' title='bbox 441 1877 543 1930; x_wconf 81' lang='lat' dir='ltr'>sqq.-</span> <span class='ocrx_word' id='word_1_143' title='bbox 561 1863 636 1915; x_wconf 67' lang='lat' dir='ltr'>vem</span> <span class='ocrx_word' id='word_1_144' title='bbox 652 1880 692 1931; x_wconf 82' lang='lat' dir='ltr'>sq·</span> <span class='ocrx_word' id='word_1_145' title='bbox 712 1866 911 1935; x_wconf 85' lang='lat' dir='ltr'>quicunque</span> <span class='ocrx_word' id='word_1_146' title='bbox 929 1883 1020 1921; x_wconf 86' lang='lat' dir='ltr'>meos</span> <span class='ocrx_word' id='word_1_147' title='bbox 1037 1869 1189 1923; x_wconf 81' lang='lat' dir='ltr'>violavit</span> <span class='ocrx_word' id='word_1_148' title='bbox 1211 1849 1352 1935; x_wconf 81' lang='lat' dir='ltr'>amores,</span> 
     </span>
     <span class='ocr_line' id='line_1_16' title="bbox 334 1959 1352 2038; baseline 0.008 -26"><span class='ocrx_word' id='word_1_149' title='bbox 334 1959 360 2015; x_wconf 90' lang='lat' dir='ltr'>b.</span> <span class='ocrx_word' id='word_1_150' title='bbox 374 1976 399 2013; x_wconf 89' lang='lat' dir='ltr'>e.</span> <span class='ocrx_word' id='word_1_151' title='bbox 417 1960 494 2014; x_wconf 84' lang='lat' dir='ltr'>fidem</span> <span class='ocrx_word' id='word_1_152' title='bbox 512 1967 614 2015; x_wconf 89' lang='lat' dir='ltr'>amatae</span> <span class='ocrx_word' id='word_1_153' title='bbox 632 1962 789 2018; x_wconf 73' lang='lat' dir='ltr'>labefactare</span> <span class='ocrx_word' id='word_1_154' title='bbox 807 1969 923 2030; x_wconf 85' lang='lat' dir='ltr'>tentavit,</span> <span class='ocrx_word' id='word_1_155' title='bbox 941 1975 970 2020; x_wconf 92' lang='lat' dir='ltr'>ut</span> <span class='ocrx_word' id='word_1_156' title='bbox 988 1976 1059 2021; x_wconf 89' lang='lat' dir='ltr'>recte</span> <span class='ocrx_word' id='word_1_157' title='bbox 1078 1971 1192 2038; x_wconf 73' lang='lat' dir='ltr'>explicat</span> <span class='ocrx_word' id='word_1_158' title='bbox 1207 1971 1352 2020; x_wconf 77' lang='lat' dir='ltr'>Wuausu-</span> 
     </span>
     <span class='ocr_line' id='line_1_17' title="bbox 333 2064 1353 2128; baseline 0.005 -14"><span class='ocrx_word' id='word_1_159' title='bbox 333 2073 461 2127; x_wconf 81' lang='lat' dir='ltr'>arcarus3</span> <span class='ocrx_word' id='word_1_160' title='bbox 492 2070 635 2128; x_wconf 86' lang='lat' dir='ltr'>sequuntur</span> <span class='ocrx_word' id='word_1_161' title='bbox 657 2065 724 2117; x_wconf 88' lang='lat' dir='ltr'>euim</span> <span class='ocrx_word' id='word_1_162' title='bbox 748 2081 811 2119; x_wconf 81' lang='lat' dir='ltr'>mos</span> <span class='ocrx_word' id='word_1_163' title='bbox 830 2068 924 2120; x_wconf 70' lang='lat' dir='ltr'>vertrae</span> <span class='ocrx_word' id='word_1_164' title='bbox 953 2076 984 2116; x_wconf 82' lang='lat' dir='ltr'>ar</span> <span class='ocrx_word' id='word_1_165' title='bbox 1003 2076 1034 2117; x_wconf 81' lang='lat' dir='ltr'>ru</span> <span class='ocrx_word' id='word_1_166' title='bbox 1052 2076 1131 2118; x_wconf 80' lang='lat' dir='ltr'>costo</span> <span class='ocrx_word' id='word_1_167' title='bbox 1149 2081 1265 2117; x_wconf 79' lang='lat' dir='ltr'>maneas.</span> <span class='ocrx_word' id='word_1_168' title='bbox 1301 2064 1353 2119; x_wconf 83' lang='lat' dir='ltr'>Est</span> 
     </span>
    </p>
   </div>
   <div class='ocr_carea' id='block_1_5' title="bbox 222 2162 1353 2248">
    <p class='ocr_par' dir='ltr' id='par_1_5' title="bbox 222 2162 1353 2248">
     <span class='ocr_line' id='line_1_18' title="bbox 222 2162 1353 2248; baseline 0.003 -33"><span class='ocrx_word' id='word_1_169' title='bbox 222 2163 232 2184; x_wconf 83' lang='lat'><strong><em>¹</em></strong></span> <span class='ocrx_word' id='word_1_170' title='bbox 262 2205 273 2224; x_wconf 86' lang='grc'><strong>,</strong></span> <span class='ocrx_word' id='word_1_171' title='bbox 333 2179 396 2216; x_wconf 83' lang='lat' dir='ltr'>vero</span> <span class='ocrx_word' id='word_1_172' title='bbox 413 2162 530 2220; x_wconf 80' lang='lat' dir='ltr'>laedere,</span> <span class='ocrx_word' id='word_1_173' title='bbox 546 2163 648 2216; x_wconf 78' lang='lat' dir='ltr'>violare</span> <span class='ocrx_word' id='word_1_174' title='bbox 665 2182 767 2217; x_wconf 73' lang='lat' dir='ltr'>catores</span> <span class='ocrx_word' id='word_1_175' title='bbox 784 2172 830 2218; x_wconf 89' lang='lat' dir='ltr'>ant</span> <span class='ocrx_word' id='word_1_176' title='bbox 848 2166 994 2248; x_wconf 61' lang='lat' dir='ltr'>amarptium,</span> <span class='ocrx_word' id='word_1_177' title='bbox 1012 2165 1056 2231; x_wconf 85' lang='lat' dir='ltr'>qui</span> <span class='ocrx_word' id='word_1_178' title='bbox 1075 2165 1151 2217; x_wconf 83' lang='lat' dir='ltr'>tidem</span> <span class='ocrx_word' id='word_1_179' title='bbox 1170 2180 1220 2216; x_wconf 90' lang='lat' dir='ltr'>nou</span> <span class='ocrx_word' id='word_1_180' title='bbox 1238 2177 1353 2232; x_wconf 82' lang='lat' dir='ltr'>serrant,</span> 
     </span>
    </p>
   </div>
   <div class='ocr_carea' id='block_1_6' title="bbox 327 2261 1430 4223">
    <p class='ocr_par' dir='ltr' id='par_1_6' title="bbox 327 2261 1430 4223">
     <span class='ocr_line' id='line_1_19' title="bbox 334 2261 1353 2330; baseline 0.002 -16"><span class='ocrx_word' id='word_1_181' title='bbox 334 2268 364 2314; x_wconf 90' lang='lat' dir='ltr'>at</span> <span class='ocrx_word' id='word_1_182' title='bbox 381 2261 403 2327; x_wconf 84' lang='lat'>1,</span> <span class='ocrx_word' id='word_1_183' title='bbox 419 2265 446 2327; x_wconf 81' lang='lat'>9,</span> <span class='ocrx_word' id='word_1_184' title='bbox 465 2265 491 2315; x_wconf 83' lang='lat'>1.</span> <span class='ocrx_word' id='word_1_185' title='bbox 511 2266 563 2328; x_wconf 75' lang='lat' dir='ltr'>te,</span> <span class='ocrx_word' id='word_1_186' title='bbox 581 2269 627 2315; x_wconf 87' lang='lat' dir='ltr'>aut</span> <span class='ocrx_word' id='word_1_187' title='bbox 644 2278 741 2327; x_wconf 89' lang='lat' dir='ltr'>eorum,</span> <span class='ocrx_word' id='word_1_188' title='bbox 761 2263 804 2328; x_wconf 89' lang='lat' dir='ltr'>qui</span> <span class='ocrx_word' id='word_1_189' title='bbox 823 2263 919 2314; x_wconf 79' lang='lat' dir='ltr'>amicas</span> <span class='ocrx_word' id='word_1_190' title='bbox 937 2268 1104 2329; x_wconf 86' lang='lat' dir='ltr'>corrumpunt</span> <span class='ocrx_word' id='word_1_191' title='bbox 1121 2267 1166 2313; x_wconf 90' lang='lat' dir='ltr'>aut</span> <span class='ocrx_word' id='word_1_192' title='bbox 1184 2277 1353 2330; x_wconf 86' lang='lat' dir='ltr'>corrumpere</span> 
     </span>
     <span class='ocr_line' id='line_1_20' title="bbox 333 2360 1353 2433; baseline -0.003 -15"><span class='ocrx_word' id='word_1_193' title='bbox 333 2371 442 2433; x_wconf 80' lang='lat' dir='ltr'>tentant,</span> <span class='ocrx_word' id='word_1_194' title='bbox 461 2367 502 2419; x_wconf 87' lang='lat' dir='ltr'>rel</span> <span class='ocrx_word' id='word_1_195' title='bbox 521 2366 573 2418; x_wconf 88' lang='lat' dir='ltr'>allo</span> <span class='ocrx_word' id='word_1_196' title='bbox 590 2364 667 2418; x_wconf 83' lang='lat' dir='ltr'>modo</span> <span class='ocrx_word' id='word_1_197' title='bbox 684 2365 790 2431; x_wconf 86' lang='lat' dir='ltr'>violant,</span> <span class='ocrx_word' id='word_1_198' title='bbox 807 2370 837 2415; x_wconf 90' lang='lat' dir='ltr'>ut</span> <span class='ocrx_word' id='word_1_199' title='bbox 856 2366 939 2416; x_wconf 79' lang='lat' dir='ltr'>Ovio.</span> <span class='ocrx_word' id='word_1_200' title='bbox 957 2362 1024 2416; x_wconf 85' lang='lat' dir='ltr'>Met.</span> <span class='ocrx_word' id='word_1_201' title='bbox 1039 2361 1085 2424; x_wconf 56' lang='lat' dir='ltr'>lli,</span> <span class='ocrx_word' id='word_1_202' title='bbox 1103 2367 1164 2415; x_wconf 84' lang='grc'><strong>191.</strong></span> <span class='ocrx_word' id='word_1_203' title='bbox 1191 2360 1251 2416; x_wconf 75' lang='lat' dir='ltr'>vid.</span> <span class='ocrx_word' id='word_1_204' title='bbox 1270 2362 1353 2415; x_wconf 84' lang='lat' dir='ltr'>Has·</span> 
     </span>
     <span class='ocr_line' id='line_1_21' title="bbox 333 2459 1352 2531; baseline -0.003 -14"><span class='ocrx_word' id='word_1_205' title='bbox 333 2479 377 2519; x_wconf 71' lang='grc' dir='ltr'>πη</span> <span class='ocrx_word' id='word_1_206' title='bbox 395 2465 541 2517; x_wconf 79' lang='lat' dir='ltr'>Obseruatt.</span> <span class='ocrx_word' id='word_1_207' title='bbox 559 2463 591 2516; x_wconf 85' lang='lat' dir='ltr'>ad</span> <span class='ocrx_word' id='word_1_208' title='bbox 612 2463 632 2527; x_wconf 90' lang='lat'>1,</span> <span class='ocrx_word' id='word_1_209' title='bbox 649 2467 676 2528; x_wconf 80' lang='lat'>2,</span> <span class='ocrx_word' id='word_1_210' title='bbox 694 2466 738 2515; x_wconf 82' lang='lat'>91.</span> <span class='ocrx_word' id='word_1_211' title='bbox 753 2487 788 2500; x_wconf 89' lang='lat'><em>-</em></span> <span class='ocrx_word' id='word_1_212' title='bbox 807 2461 946 2531; x_wconf 81' lang='lat' dir='ltr'>optavit</span> <span class='ocrx_word' id='word_1_213' title='bbox 963 2460 1080 2514; x_wconf 86' lang='lat' dir='ltr'>lentas</span> <span class='ocrx_word' id='word_1_214' title='bbox 1097 2459 1179 2513; x_wconf 91' lang='lat' dir='ltr'>mibi</span> <span class='ocrx_word' id='word_1_215' title='bbox 1196 2461 1352 2514; x_wconf 75' lang='lat' dir='ltr'>militias.</span> 
     </span>
     <span class='ocr_line' id='line_1_22' title="bbox 335 2556 1430 2631; baseline -0.004 -15"><span class='ocrx_word' id='word_1_216' title='bbox 335 2564 440 2631; x_wconf 79' lang='lat' dir='ltr'>Optime</span> <span class='ocrx_word' id='word_1_217' title='bbox 457 2568 546 2616; x_wconf 86' lang='lat' dir='ltr'>mouet</span> <span class='ocrx_word' id='word_1_218' title='bbox 570 2561 700 2614; x_wconf 78' lang='lat' dir='ltr'>Heraios</span> <span class='ocrx_word' id='word_1_219' title='bbox 724 2560 758 2612; x_wconf 89' lang='lat' dir='ltr'>rle</span> <span class='ocrx_word' id='word_1_220' title='bbox 776 2560 844 2612; x_wconf 82' lang='lat' dir='ltr'>votis</span> <span class='ocrx_word' id='word_1_221' title='bbox 862 2560 980 2625; x_wconf 80' lang='lat' dir='ltr'>malignis</span> <span class='ocrx_word' id='word_1_222' title='bbox 998 2565 1025 2611; x_wconf 90' lang='lat' dir='ltr'>et</span> <span class='ocrx_word' id='word_1_223' title='bbox 1046 2558 1215 2611; x_wconf 76' lang='lat' dir='ltr'>fascinatione</span> <span class='ocrx_word' id='word_1_224' title='bbox 1234 2559 1353 2613; x_wconf 80' lang='lat' dir='ltr'>rivalium</span> <span class='ocrx_word' id='word_1_225' title='bbox 1429 2556 1430 2561; x_wconf 70' lang='grc'>’</span> 
     </span>
     <span class='ocr_line' id='line_1_23' title="bbox 335 2661 1352 2730; baseline -0.002 -15"><span class='ocrx_word' id='word_1_226' title='bbox 335 2662 500 2728; x_wconf 77' lang='lat' dir='ltr'>cogitandum</span> <span class='ocrx_word' id='word_1_227' title='bbox 519 2678 585 2729; x_wconf 84' lang='lat' dir='ltr'>esse,</span> <span class='ocrx_word' id='word_1_228' title='bbox 603 2661 710 2715; x_wconf 83' lang='lat' dir='ltr'>Tibullo</span> <span class='ocrx_word' id='word_1_229' title='bbox 729 2678 778 2730; x_wconf 91' lang='lat' dir='ltr'>pro</span> <span class='ocrx_word' id='word_1_230' title='bbox 796 2661 980 2729; x_wconf 74' lang='lat' dir='ltr'>superstitione</span> <span class='ocrx_word' id='word_1_231' title='bbox 997 2661 1073 2714; x_wconf 85' lang='lat' dir='ltr'>istius</span> <span class='ocrx_word' id='word_1_232' title='bbox 1091 2661 1216 2730; x_wconf 87' lang='lat' dir='ltr'>temporis</span> <span class='ocrx_word' id='word_1_233' title='bbox 1234 2661 1352 2713; x_wconf 84' lang='lat' dir='ltr'>morbum</span> 
     </span>
     <span class='ocr_line' id='line_1_24' title="bbox 335 2757 1353 2831; baseline -0.002 -18"><span class='ocrx_word' id='word_1_234' title='bbox 335 2778 410 2815; x_wconf 86' lang='lat' dir='ltr'>auum</span> <span class='ocrx_word' id='word_1_235' title='bbox 424 2763 540 2815; x_wconf 80' lang='lat' dir='ltr'>rivalium</span> <span class='ocrx_word' id='word_1_236' title='bbox 559 2759 720 2831; x_wconf 85' lang='lat' dir='ltr'>quorundam</span> <span class='ocrx_word' id='word_1_237' title='bbox 739 2760 893 2827; x_wconf 79' lang='lat' dir='ltr'>malignitati</span> <span class='ocrx_word' id='word_1_238' title='bbox 911 2759 1051 2825; x_wconf 84' lang='lat' dir='ltr'>tribuente,</span> <span class='ocrx_word' id='word_1_239' title='bbox 1068 2761 1112 2827; x_wconf 90' lang='lat' dir='ltr'>qui</span> <span class='ocrx_word' id='word_1_240' title='bbox 1130 2757 1179 2812; x_wconf 88' lang='lat' dir='ltr'>hoe</span> <span class='ocrx_word' id='word_1_241' title='bbox 1196 2760 1353 2827; x_wconf 79' lang='lat' dir='ltr'>expetierint</span> 
     </span>
     <span class='ocr_line' id='line_1_25' title="bbox 335 2856 1352 2928; baseline -0.005 -15"><span class='ocrx_word' id='word_1_242' title='bbox 335 2876 351 2913; x_wconf 88' lang='lat' dir='ltr'>a</span> <span class='ocrx_word' id='word_1_243' title='bbox 377 2860 427 2913; x_wconf 85' lang='lat' dir='ltr'>diis</span> <span class='ocrx_word' id='word_1_244' title='bbox 452 2860 573 2927; x_wconf 85' lang='lat' dir='ltr'>precibus</span> <span class='ocrx_word' id='word_1_245' title='bbox 597 2865 644 2910; x_wconf 86' lang='lat' dir='ltr'>sut</span> <span class='ocrx_word' id='word_1_246' title='bbox 669 2856 825 2910; x_wconf 87' lang='lat' dir='ltr'>carminibus</span> <span class='ocrx_word' id='word_1_247' title='bbox 851 2858 974 2924; x_wconf 80' lang='lat' dir='ltr'>magieis,</span> <span class='ocrx_word' id='word_1_248' title='bbox 1002 2865 1032 2910; x_wconf 89' lang='lat' dir='ltr'>ut</span> <span class='ocrx_word' id='word_1_249' title='bbox 1049 2863 1152 2928; x_wconf 87' lang='lat' dir='ltr'>tempus</span> <span class='ocrx_word' id='word_1_250' title='bbox 1176 2856 1301 2911; x_wconf 88' lang='lat' dir='ltr'>haberent</span> <span class='ocrx_word' id='word_1_251' title='bbox 1319 2856 1352 2909; x_wconf 88' lang='lat' dir='ltr'>ad</span> 
     </span>
     <span class='ocr_line' id='line_1_26' title="bbox 335 2956 1351 3027; baseline -0.002 -15"><span class='ocrx_word' id='word_1_252' title='bbox 335 2956 548 3027; x_wconf 86' lang='lat' dir='ltr'>corrumpendam</span> <span class='ocrx_word' id='word_1_253' title='bbox 565 2958 676 3009; x_wconf 84' lang='lat' dir='ltr'>Deliam·</span> <span class='ocrx_word' id='word_1_254' title='bbox 712 2957 836 3009; x_wconf 86' lang='lat' dir='ltr'>Ceterum</span> <span class='ocrx_word' id='word_1_255' title='bbox 855 2957 969 3010; x_wconf 76' lang='lat' dir='ltr'>militias</span> <span class='ocrx_word' id='word_1_256' title='bbox 987 2958 1065 3023; x_wconf 88' lang='lat' dir='ltr'>dicit,</span> <span class='ocrx_word' id='word_1_257' title='bbox 1085 2974 1135 3011; x_wconf 91' lang='lat' dir='ltr'>nou</span> <span class='ocrx_word' id='word_1_258' title='bbox 1154 2957 1287 3017; x_wconf 80' lang='lat' dir='ltr'>militiam,</span> <span class='ocrx_word' id='word_1_259' title='bbox 1306 2975 1351 3010; x_wconf 82' lang='lat' dir='ltr'>va-</span> 
     </span>
     <span class='ocr_line' id='line_1_27' title="bbox 335 3055 1351 3122; baseline -0.002 -12"><span class='ocrx_word' id='word_1_260' title='bbox 335 3058 387 3110; x_wconf 89' lang='lat' dir='ltr'>rias</span> <span class='ocrx_word' id='word_1_261' title='bbox 405 3063 489 3109; x_wconf 87' lang='lat' dir='ltr'>terres</span> <span class='ocrx_word' id='word_1_262' title='bbox 506 3061 533 3107; x_wconf 90' lang='lat' dir='ltr'>et</span> <span class='ocrx_word' id='word_1_263' title='bbox 551 3055 672 3120; x_wconf 77' lang='lat' dir='ltr'>regiones</span> <span class='ocrx_word' id='word_1_264' title='bbox 689 3055 845 3122; x_wconf 86' lang='lat' dir='ltr'>respieleus‚</span> <span class='ocrx_word' id='word_1_265' title='bbox 871 3056 917 3107; x_wconf 88' lang='lat' dir='ltr'>ubi</span> <span class='ocrx_word' id='word_1_266' title='bbox 935 3056 1096 3110; x_wconf 88' lang='lat' dir='ltr'>militandum</span> <span class='ocrx_word' id='word_1_267' title='bbox 1113 3062 1183 3110; x_wconf 85' lang='lat' dir='ltr'>esset</span> <span class='ocrx_word' id='word_1_268' title='bbox 1200 3073 1259 3110; x_wconf 86' lang='lat' dir='ltr'>cum</span> <span class='ocrx_word' id='word_1_269' title='bbox 1278 3057 1351 3111; x_wconf 81' lang='lat' dir='ltr'>Mes-</span> 
     </span>
     <span class='ocr_line' id='line_1_28' title="bbox 334 3154 1353 3226; baseline -0.001 -15"><span class='ocrx_word' id='word_1_270' title='bbox 334 3160 397 3211; x_wconf 84' lang='lat' dir='ltr'>sala·</span> <span class='ocrx_word' id='word_1_271' title='bbox 416 3185 450 3196; x_wconf 94' lang='lat'><em>-</em></span> <span class='ocrx_word' id='word_1_272' title='bbox 480 3156 554 3209; x_wconf 81' lang='lat' dir='ltr'>Haeo</span> <span class='ocrx_word' id='word_1_273' title='bbox 578 3154 709 3208; x_wconf 87' lang='lat' dir='ltr'>hacteuus.</span> <span class='ocrx_word' id='word_1_274' title='bbox 745 3156 801 3209; x_wconf 90' lang='lat' dir='ltr'>lam</span> <span class='ocrx_word' id='word_1_275' title='bbox 822 3154 889 3210; x_wconf 86' lang='lat' dir='ltr'>enlm</span> <span class='ocrx_word' id='word_1_276' title='bbox 906 3159 1015 3226; x_wconf 79' lang='lat' dir='ltr'>singulis</span> <span class='ocrx_word' id='word_1_277' title='bbox 1035 3159 1160 3212; x_wconf 87' lang='lat' dir='ltr'>enarratis</span> <span class='ocrx_word' id='word_1_278' title='bbox 1183 3159 1217 3211; x_wconf 90' lang='lat' dir='ltr'>de</span> <span class='ocrx_word' id='word_1_279' title='bbox 1235 3160 1353 3211; x_wconf 78' lang='lat' dir='ltr'>universa</span> 
     </span>
     <span class='ocr_line' id='line_1_29' title="bbox 334 3228 1351 3323; baseline -0.005 -11"><span class='ocrx_word' id='word_1_280' title='bbox 334 3260 461 3312; x_wconf 87' lang='lat' dir='ltr'>sententia</span> <span class='ocrx_word' id='word_1_281' title='bbox 486 3228 796 3323; x_wconf 77' lang='lat' dir='ltr'>discreturum&#39;prostme</span> <span class='ocrx_word' id='word_1_282' title='bbox 820 3258 1026 3310; x_wconf 88' lang='lat' dir='ltr'>antecedentium</span> <span class='ocrx_word' id='word_1_283' title='bbox 1044 3262 1126 3311; x_wconf 89' lang='lat' dir='ltr'>restat</span> <span class='ocrx_word' id='word_1_284' title='bbox 1142 3262 1172 3309; x_wconf 88' lang='lat' dir='ltr'>ut</span> <span class='ocrx_word' id='word_1_285' title='bbox 1191 3272 1351 3313; x_wconf 84' lang='lat' dir='ltr'>moneamus.</span> 
     </span>
     <span class='ocr_line' id='line_1_30' title="bbox 335 3352 1351 3423; baseline -0.004 -13"><span class='ocrx_word' id='word_1_286' title='bbox 335 3360 390 3410; x_wconf 88' lang='lat' dir='ltr'>Cur</span> <span class='ocrx_word' id='word_1_287' title='bbox 406 3357 486 3423; x_wconf 78' lang='lat' dir='ltr'>igitur</span> <span class='ocrx_word' id='word_1_288' title='bbox 501 3355 534 3407; x_wconf 89' lang='lat' dir='ltr'>de</span> <span class='ocrx_word' id='word_1_289' title='bbox 549 3355 641 3422; x_wconf 88' lang='lat' dir='ltr'>poenis</span> <span class='ocrx_word' id='word_1_290' title='bbox 659 3352 730 3407; x_wconf 85' lang='lat' dir='ltr'>bisce</span> <span class='ocrx_word' id='word_1_291' title='bbox 746 3361 774 3405; x_wconf 92' lang='lat' dir='ltr'>et</span> <span class='ocrx_word' id='word_1_292' title='bbox 791 3352 917 3408; x_wconf 85' lang='lat' dir='ltr'>damnatis</span> <span class='ocrx_word' id='word_1_293' title='bbox 934 3355 1021 3409; x_wconf 75' lang='lat' dir='ltr'>dtrttt</span> <span class='ocrx_word' id='word_1_294' title='bbox 1056 3356 1159 3423; x_wconf 75' lang='lat' dir='ltr'>Legisti</span> <span class='ocrx_word' id='word_1_295' title='bbox 1177 3357 1255 3408; x_wconf 89' lang='lat' dir='ltr'>modo</span> <span class='ocrx_word' id='word_1_296' title='bbox 1273 3355 1351 3406; x_wconf 75' lang='lat' dir='ltr'>rerba</span> 
     </span>
     <span class='ocr_line' id='line_1_31' title="bbox 336 3453 1349 3527; baseline -0.004 -17"><span class='ocrx_word' id='word_1_297' title='bbox 336 3461 361 3510; x_wconf 88' lang='lat' dir='ltr'>ia</span> <span class='ocrx_word' id='word_1_298' title='bbox 380 3459 474 3512; x_wconf 80' lang='lat' dir='ltr'>rivales</span> <span class='ocrx_word' id='word_1_299' title='bbox 492 3459 576 3524; x_wconf 81' lang='lat' dir='ltr'>dicta,</span> <span class='ocrx_word' id='word_1_300' title='bbox 599 3474 631 3511; x_wconf 89' lang='lat' dir='ltr'>ae</span> <span class='ocrx_word' id='word_1_301' title='bbox 650 3474 700 3512; x_wconf 89' lang='lat' dir='ltr'>uon</span> <span class='ocrx_word' id='word_1_302' title='bbox 719 3458 771 3510; x_wconf 89' lang='lat' dir='ltr'>iam</span> <span class='ocrx_word' id='word_1_303' title='bbox 788 3457 919 3511; x_wconf 85' lang='lat' dir='ltr'>dubitabis</span> <span class='ocrx_word' id='word_1_304' title='bbox 937 3456 987 3512; x_wconf 86' lang='lat' dir='ltr'>buc</span> <span class='ocrx_word' id='word_1_305' title='bbox 1005 3459 1136 3527; x_wconf 88' lang='lat' dir='ltr'>pertinere</span> <span class='ocrx_word' id='word_1_306' title='bbox 1154 3459 1246 3509; x_wconf 73' lang='lat' dir='ltr'>omnia.</span> <span class='ocrx_word' id='word_1_307' title='bbox 1283 3453 1349 3506; x_wconf 87' lang='lat' dir='ltr'>Nam</span> 
     </span>
     <span class='ocr_line' id='line_1_32' title="bbox 335 3550 1351 3623; baseline -0.001 -18"><span class='ocrx_word' id='word_1_308' title='bbox 335 3555 451 3606; x_wconf 84' lang='lat' dir='ltr'>Ixionem</span> <span class='ocrx_word' id='word_1_309' title='bbox 476 3556 578 3623; x_wconf 87' lang='lat' dir='ltr'>quidem</span> <span class='ocrx_word' id='word_1_310' title='bbox 602 3555 738 3608; x_wconf 78' lang='lat' dir='ltr'>manifesto</span> <span class='ocrx_word' id='word_1_311' title='bbox 763 3561 871 3623; x_wconf 88' lang='lat' dir='ltr'>propter</span> <span class='ocrx_word' id='word_1_312' title='bbox 896 3557 988 3609; x_wconf 71' lang='lat' dir='ltr'>rivales</span> <span class='ocrx_word' id='word_1_313' title='bbox 1013 3557 1237 3623; x_wconf 75' lang='lat' dir='ltr'>commemoravit3</span> <span class='ocrx_word' id='word_1_314' title='bbox 1261 3558 1290 3605; x_wconf 86' lang='lat' dir='ltr'>ut</span> <span class='ocrx_word' id='word_1_315' title='bbox 1308 3550 1351 3605; x_wconf 84' lang='lat' dir='ltr'>bic</span> 
     </span>
     <span class='ocr_line' id='line_1_33' title="bbox 334 3632 1350 3724; baseline 0.002 -22"><span class='ocrx_word' id='word_1_316' title='bbox 334 3651 459 3702; x_wconf 88' lang='lat' dir='ltr'>lunonem</span> <span class='ocrx_word' id='word_1_317' title='bbox 478 3658 578 3705; x_wconf 90' lang='lat' dir='ltr'>tentare</span> <span class='ocrx_word' id='word_1_318' title='bbox 596 3670 674 3706; x_wconf 84' lang='lat' dir='ltr'>ausus</span> <span class='ocrx_word' id='word_1_319' title='bbox 693 3661 747 3720; x_wconf 85' lang='lat' dir='ltr'>eet,</span> <span class='ocrx_word' id='word_1_320' title='bbox 766 3655 804 3707; x_wconf 87' lang='lat' dir='ltr'>sie</span> <span class='ocrx_word' id='word_1_321' title='bbox 822 3656 865 3707; x_wconf 84' lang='lat' dir='ltr'>isti</span> <span class='ocrx_word' id='word_1_322' title='bbox 884 3655 1000 3721; x_wconf 88' lang='lat' dir='ltr'>Deliam,</span> <span class='ocrx_word' id='word_1_323' title='bbox 1019 3663 1114 3724; x_wconf 89' lang='lat' dir='ltr'>poetae</span> <span class='ocrx_word' id='word_1_324' title='bbox 1130 3632 1237 3706; x_wconf 70' lang='lat' dir='ltr'>loedere</span> <span class='ocrx_word' id='word_1_325' title='bbox 1255 3652 1350 3704; x_wconf 89' lang='lat' dir='ltr'>amoris</span> 
     </span>
     <span class='ocr_line' id='line_1_34' title="bbox 333 3750 1351 3825; baseline -0.004 -19"><span class='ocrx_word' id='word_1_326' title='bbox 333 3755 456 3806; x_wconf 86' lang='lat' dir='ltr'>iunctam·</span> <span class='ocrx_word' id='word_1_327' title='bbox 491 3750 632 3807; x_wconf 87' lang='lat' dir='ltr'>Denuntlat</span> <span class='ocrx_word' id='word_1_328' title='bbox 652 3756 734 3822; x_wconf 76' lang='lat' dir='ltr'>igitur</span> <span class='ocrx_word' id='word_1_329' title='bbox 758 3753 808 3809; x_wconf 88' lang='lat' dir='ltr'>boc</span> <span class='ocrx_word' id='word_1_330' title='bbox 832 3759 953 3825; x_wconf 86' lang='lat' dir='ltr'>exemplo</span> <span class='ocrx_word' id='word_1_331' title='bbox 970 3757 1093 3810; x_wconf 84' lang='lat' dir='ltr'>rivalibus</span> <span class='ocrx_word' id='word_1_332' title='bbox 1111 3754 1204 3808; x_wconf 84' lang='lat' dir='ltr'>similia</span> <span class='ocrx_word' id='word_1_333' title='bbox 1221 3751 1351 3805; x_wconf 86' lang='lat' dir='ltr'>molienti-</span> 
     </span>
     <span class='ocr_line' id='line_1_35' title="bbox 332 3838 1352 3921; baseline -0.006 -16"><span class='ocrx_word' id='word_1_334' title='bbox 332 3856 381 3906; x_wconf 88' lang='lat' dir='ltr'>bus</span> <span class='ocrx_word' id='word_1_335' title='bbox 401 3867 508 3920; x_wconf 88' lang='lat' dir='ltr'>poenam</span> <span class='ocrx_word' id='word_1_336' title='bbox 527 3850 647 3913; x_wconf 80' lang='lat' dir='ltr'>futuram.</span> <span class='ocrx_word' id='word_1_337' title='bbox 684 3838 739 3906; x_wconf 76' lang='lat' dir='ltr'>Sed</span> <span class='ocrx_word' id='word_1_338' title='bbox 765 3871 813 3906; x_wconf 85' lang='lat' dir='ltr'>cur</span> <span class='ocrx_word' id='word_1_339' title='bbox 835 3855 942 3921; x_wconf 81' lang='lat' dir='ltr'>Titynm</span> <span class='ocrx_word' id='word_1_340' title='bbox 967 3862 995 3907; x_wconf 89' lang='lat' dir='ltr'>et</span> <span class='ocrx_word' id='word_1_341' title='bbox 1020 3855 1158 3908; x_wconf 87' lang='lat' dir='ltr'>Tantalum</span> <span class='ocrx_word' id='word_1_342' title='bbox 1182 3842 1276 3904; x_wconf 74' lang='lat' dir='ltr'>additi</span> <span class='ocrx_word' id='word_1_343' title='bbox 1312 3847 1352 3899; x_wconf 88' lang='lat' dir='ltr'>lta</span> 
     </span>
     <span class='ocr_line' id='line_1_36' title="bbox 331 3952 1350 4026; baseline -0.006 -19"><span class='ocrx_word' id='word_1_344' title='bbox 331 3970 443 4008; x_wconf 79' lang='lat' dir='ltr'>censeo:</span> <span class='ocrx_word' id='word_1_345' title='bbox 471 3956 500 4008; x_wconf 84' lang='lat' dir='ltr'>Si</span> <span class='ocrx_word' id='word_1_346' title='bbox 523 3952 588 4008; x_wconf 86' lang='lat' dir='ltr'>haec</span> <span class='ocrx_word' id='word_1_347' title='bbox 613 3955 716 4008; x_wconf 82' lang='lat' dir='ltr'>uomina</span> <span class='ocrx_word' id='word_1_348' title='bbox 734 3958 810 4025; x_wconf 89' lang='lat' dir='ltr'>plane</span> <span class='ocrx_word' id='word_1_349' title='bbox 833 3959 917 4011; x_wconf 88' lang='lat' dir='ltr'>aliena</span> <span class='ocrx_word' id='word_1_350' title='bbox 938 3964 1025 4010; x_wconf 89' lang='lat' dir='ltr'>esseut</span> <span class='ocrx_word' id='word_1_351' title='bbox 1043 3968 1060 4010; x_wconf 76' lang='lat' dir='ltr'>r</span> <span class='ocrx_word' id='word_1_352' title='bbox 1077 3956 1209 4026; x_wconf 84' lang='lat' dir='ltr'>praesenti</span> <span class='ocrx_word' id='word_1_353' title='bbox 1230 3968 1274 4018; x_wconf 84' lang='lat' dir='ltr'>re,</span> <span class='ocrx_word' id='word_1_354' title='bbox 1300 3966 1350 4001; x_wconf 87' lang='lat' dir='ltr'>aon</span> 
     </span>
     <span class='ocr_line' id='line_1_37' title="bbox 330 4047 1351 4117; baseline -0.009 -11"><span class='ocrx_word' id='word_1_355' title='bbox 330 4057 398 4108; x_wconf 80' lang='lat' dir='ltr'>bona</span> <span class='ocrx_word' id='word_1_356' title='bbox 416 4055 483 4107; x_wconf 82' lang='lat' dir='ltr'>toret</span> <span class='ocrx_word' id='word_1_357' title='bbox 501 4053 638 4106; x_wconf 70' lang='lat' dir='ltr'>collocatio</span> <span class='ocrx_word' id='word_1_358' title='bbox 658 4064 762 4117; x_wconf 83' lang='lat' dir='ltr'>rerum3</span> <span class='ocrx_word' id='word_1_359' title='bbox 790 4060 845 4107; x_wconf 90' lang='lat' dir='ltr'>erat</span> <span class='ocrx_word' id='word_1_360' title='bbox 870 4056 938 4109; x_wconf 89' lang='lat' dir='ltr'>euim</span> <span class='ocrx_word' id='word_1_361' title='bbox 956 4072 990 4109; x_wconf 86' lang='lat' dir='ltr'>ex</span> <span class='ocrx_word' id='word_1_362' title='bbox 1011 4054 1058 4107; x_wconf 82' lang='lat' dir='ltr'>lrac</span> <span class='ocrx_word' id='word_1_363' title='bbox 1076 4054 1176 4106; x_wconf 88' lang='lat' dir='ltr'>ratioue</span> <span class='ocrx_word' id='word_1_364' title='bbox 1198 4052 1299 4103; x_wconf 85' lang='lat' dir='ltr'>initium</span> <span class='ocrx_word' id='word_1_365' title='bbox 1317 4047 1351 4098; x_wconf 87' lang='lat' dir='ltr'>ab</span> 
     </span>
     <span class='ocr_line' id='line_1_38' title="bbox 327 4148 1351 4223; baseline -0.01 -15"><span class='ocrx_word' id='word_1_366' title='bbox 327 4153 366 4208; x_wconf 88' lang='lat' dir='ltr'>his</span> <span class='ocrx_word' id='word_1_367' title='bbox 384 4156 471 4223; x_wconf 88' lang='lat' dir='ltr'>potins</span> <span class='ocrx_word' id='word_1_368' title='bbox 489 4154 634 4207; x_wconf 81' lang='lat' dir='ltr'>numiuibus</span> <span class='ocrx_word' id='word_1_369' title='bbox 650 4152 805 4220; x_wconf 79' lang='lat' dir='ltr'>laciendum,</span> <span class='ocrx_word' id='word_1_370' title='bbox 824 4157 901 4209; x_wconf 87' lang='lat' dir='ltr'>tertio</span> <span class='ocrx_word' id='word_1_371' title='bbox 920 4173 982 4211; x_wconf 81' lang='lat' dir='ltr'>vero</span> <span class='ocrx_word' id='word_1_372' title='bbox 998 4158 1058 4210; x_wconf 90' lang='lat' dir='ltr'>loco</span> <span class='ocrx_word' id='word_1_373' title='bbox 1074 4153 1147 4207; x_wconf 82' lang='lat' dir='ltr'>Ixion</span> <span class='ocrx_word' id='word_1_374' title='bbox 1162 4148 1351 4211; x_wconf 85' lang='lat' dir='ltr'>memorandus,</span> 
     </span>
    </p>
   </div>
   <div class='ocr_carea' id='block_1_7' title="bbox 0 0 1510 4725">
    <p class='ocr_par' dir='ltr' id='par_1_7' title="bbox 0 0 1510 4725">
     <span class='ocr_line' id='line_1_39' title="bbox 0 0 1510 4725; baseline 0 1"><span class='ocrx_word' id='word_1_375' title='bbox 0 0 1510 4725; x_wconf 95' lang='lat' dir='ltr'> </span> 
     </span>
    </p>
   </div>
  </div>
 </body>
</html>
