3009 4725
576 459 758 523 TlBULLl.
1079 480 1176 523 cxxm

240 637 341 713 (luam
365 647 455 698 vacet
479 635 603 697 alterius
625 629 757 694 blandus
780 627 888 716 audire
910 649 1063 706 susurros,

279 752 424 817 Molliter
443 749 477 811 in
501 750 592 812 tacito
612 749 718 810 littore
741 744 958 826 compositum.

628 868 698 882 -Ἀ

242 948 308 1008 Hos
327 947 408 1006 inter
432 941 581 1023 gravibus
602 961 697 1022 cogor
718 939 833 1004 deflere
857 942 1008 1023 querelis,

287 1055 441 1138 Supplicia
463 1077 480 1117 a
501 1056 602 1136 longis
625 1054 744 1117 tristior
766 1055 916 1118 excubiis.

161 1197 209 1258 Ne
232 1195 360 1258 afferam
381 1194 470 1274 plura
491 1213 532 1254 ex
555 1190 738 1254 innumeris.
782 1193 866 1254 inest
886 1211 961 1256 vero
985 1202 1019 1252 ut
1039 1192 1174 1273 Proper·

157 1316 218 1377 tius
238 1315 298 1376 hae
320 1331 356 1372 re
379 1310 491 1386 utitur,
520 1328 614 1390 saepe
636 1307 823 1390 exquisitior
844 1308 998 1394 quaedam
1020 1310 1175 1390 emphasis

155 1433 187 1493 iu
208 1430 262 1492 tali
281 1427 420 1491 subiecto
439 1428 597 1500 membro,
617 1443 698 1508 quae
719 1424 822 1486 aliena
842 1446 861 1486 a
880 1423 1062 1506 simpliciori
1082 1443 1176 1485 sensu

155 1545 288 1624 Tibulli,
308 1556 341 1607 at
360 1543 444 1606 illius
463 1541 603 1604 molliori
624 1538 740 1602 rationi
758 1541 878 1621 egregia
897 1542 1050 1604 convenit.
1090 1539 1175 1603 Nus·

156 1680 250 1741 quam
276 1677 355 1723 uero
381 1668 483 1721 totum
512 1653 666 1717 dielichen
696 1652 740 1716 sie
767 1651 872 1718 uideas
900 1675 919 1716 a
945 1654 1075 1718 Tibullo
1101 1655 1174 1718 aub-

157 1776 289 1848 lectum,
318 1772 411 1854 quale
431 1771 492 1834 hoo
514 1782 561 1833 est
581 1767 666 1852 apud
686 1769 887 1851 Propertium
905 1770 937 1845 1,
957 1775 1013 1845 15,
1033 1774 1090 1833 25:

247 1900 367 1962 Desine
386 1900 448 1962 iam
467 1920 611 1965 revocare
633 1903 696 1965 tuis
717 1902 858 1984 periuria
879 1904 1001 1979 verbio,

291 2014 443 2099 Cynthia,
472 2029 503 2079 et
523 2019 634 2082 oblitos
654 2039 749 2100 parce
770 2036 897 2080 movere
920 2016 1012 2090 deos,

244 2129 376 2209 Audax,
405 2131 446 2192 ah
465 2133 596 2194 nimium
619 2144 728 2195 nostro
750 2127 888 2194 delinire
908 2127 1042 2212 periclo,

285 2245 319 2309 si
342 2243 419 2330 quid
440 2246 522 2309 lorte
544 2247 602 2310 tibi
624 2244 733 2309 durius
756 2244 907 2308 inciderit.

160 2378 266 2459 Qualis
286 2383 336 2446 vel
355 2381 461 2446 laxior
483 2381 550 2446 visa
572 2381 668 2445 luerit
687 2381 781 2445 Albio
804 2381 987 2465 compositio
1011 2379 1063 2445 vel
1082 2378 1177 2442 artili-

164 2499 282 2578 ciosior,
304 2521 375 2563 cum
391 2498 577 2584 pler'umque
595 2499 832 2584 exquisitiorem
848 2499 1010 2583 emphasin
1029 2497 1178 2581 requirat.

46 2606 51 2613 ’
162 2607 298 2675 Omnino
329 2624 414 2695 patet
446 2633 540 2697 quam
572 2614 700 2696 proprie
730 2611 780 2674 hic
811 2612 938 2696 quidem
969 2610 1053 2675 dicas
1084 2611 1177 2673 unius

47 2797 65 2817 ⁴
159 2723 283 2807 perlodi
318 2730 576 2809 perpetuitatem,
624 2749 694 2791 eam
731 2728 765 2789 in
805 2726 1020 2808 superioribus
1057 2736 1175 2787 tantum

159 2842 314 2925 exemplis
334 2844 479 2927 reperiri,
500 2846 673 2928 postposita
691 2846 834 2907 membra
855 2861 926 2903 cum
945 2858 1029 2903 nouo
1050 2849 1178 2900 accentu

159 2977 253 3041 quem
284 2955 477 3037 desiderant,
514 2960 604 3044 quasi
634 2959 684 3020 sui
710 2957 789 3021 iuris
817 2956 909 3032 fiant,
946 2952 1085 3025 tollitur,
1124 2948 1179 3008 ubi

157 3072 263 3135 locum
285 3072 418 3150 habent,
448 3074 507 3136 ista
535 3072 652 3154 arctior
676 3085 707 3135 et
728 3070 848 3133 firmior
871 3067 974 3130 unitas
998 3064 1179 3137 verborum,

160 3186 255 3270 litque
277 3190 451 3251 enuntiatio
479 3188 586 3253 similis
611 3188 679 3251 aliis
700 3209 741 3250 ex
763 3184 903 3249 diseretis
929 3180 1077 3245 membris
1103 3196 1179 3238 con·

160 3301 323 3363 stantibus.
385 3302 531 3365 Tibullus
563 3313 667 3365 autem
698 3302 756 3366 ubi
785 3321 826 3365 ex
857 3296 1012 3362 continuis
1040 3291 1178 3376 periodis

160 3409 291 3475 disticha
310 3416 534 3497 componebat,
557 3417 712 3498 probabat
728 3413 863 3477 maxime
880 3408 1096 3476 nervosiorem
1114 3408 1179 3471 sor·

160 3545 240 3589 mam
251 3571 262 3606 ,
307 3539 343 3591 ut
375 3530 498 3592 ferebat
531 3528 690 3610 ingenium
723 3529 896 3591 masculum
931 3545 1063 3607 poeseos
1096 3543 1179 3585 suae.

161 3638 279 3703 Verum
307 3641 382 3704 satis
411 3641 450 3705 de
479 3644 545 3723 bis,
582 3664 664 3729 quae
692 3643 863 3727 praeterire
892 3641 1061 3704 noluimus.
1113 3638 1179 3699 Iam

161 3754 380 3837 progredimur
405 3757 541 3841 langius.
592 3758 764 3843 Usurpavit
790 3758 936 3822 Tibullus
966 3766 1000 3818 ut
1026 3772 1085 3836 par
1114 3761 1182 3813 erat

160 3871 273 3951 passim
299 3870 375 3935 istas
399 3874 536 3938 maiores
562 3876 696 3939 unitates
718 3872 921 3957 periodorum
944 3892 1003 3957 per
1025 3870 1180 3947 integrum

162 3980 314 4049 distichon
332 3998 490 4070 extensas,
511 3990 568 4054 secl
584 3991 720 4055 taedium
738 3992 868 4055 feceriut
885 3987 1000 4053 diutius
1019 3982 1181 4050 continua·

161 4106 223 4173 tae,
245 4119 349 4181 neque
368 4102 460 4165 aliter
479 4104 573 4167 ceteri
592 4119 702 4187 poetae
723 4104 919 4181 iudicarunt,
944 4101 1040 4183 elegia
1058 4111 1091 4162 ut
1112 4101 1183 4179 pha

161 4209 274 4273 rituum
306 4212 476 4279 viridiores
508 4221 624 4282 lormas
656 4217 806 4282 orationis
839 4218 969 4299 reqttirit
1000 4227 1028 4277 et
1057 4217 1089 4275 iu
1122 4214 1183 4272 alio
