3009 4725
340 430 417 478 sxvt
746 410 804 476 DE
815 410 947 481 OEOESI

345 593 473 670 babent,
494 601 530 664 ut
550 586 678 653 themati
699 561 825 652 sumine
848 583 1056 671 exprimendo
1077 590 1250 655 haerviant
1270 603 1301 654 et
1322 592 1362 657 sd

255 763 267 784 x
342 709 403 772 hoc
433 700 654 769 illustrandum
683 703 882 788 conspirent,
911 725 970 768 nse
997 716 1099 787 potest
1127 704 1184 768 obi
1210 725 1287 770 vera
1311 726 1362 770 ers

340 831 469 901 regnat,
498 815 605 881 edesse
626 816 660 878 in
681 814 925 899 compositione,
952 817 1040 900 quod
1060 820 1185 881 aberret
1204 830 1322 880 temere
1343 839 1362 879 a

341 944 419 997 toto.
461 928 566 1008 Quam
585 933 685 1009 legem
708 949 779 992 oum
800 925 894 990 etiam
908 928 1054 994 Tibullus
1069 946 1220 1015 sequatur
1233 932 1362 1016 ubique,

341 1044 432 1111 valde
461 1045 642 1127 imperfecta
671 1055 719 1107 est
747 1042 782 1106 in
802 1044 919 1109 talibus
941 1045 1134 1130 explicandis
1156 1050 1293 1129 vulgaris
1312 1050 1363 1111 in-

260 1181 262 1188 ·
340 1159 533 1242 terpretatio.
574 1154 626 1222 Sic
645 1175 726 1221 m.
753 1156 789 1219 in
816 1158 919 1241 prima
941 1161 1041 1241 elegis
1061 1162 1136 1225 libri
1156 1159 1275 1246 primi,
1306 1162 1363 1224 ubi

340 1278 485 1340 Tibullus
506 1271 545 1337 de
563 1292 674 1337 amore
694 1291 755 1336 suo
775 1270 881 1337 dicens
904 1274 944 1338 sd
968 1277 1088 1340 loetum
1111 1278 1147 1340 in
1167 1279 1282 1340 funere
1302 1297 1361 1340 suo

338 1391 483 1453 futurum
512 1386 641 1467 transit,
670 1408 736 1454 non
764 1386 912 1452 viderunt
932 1391 1119 1474 interpretes
1141 1389 1269 1454 militari
1295 1394 1363 1472 glo·

340 1503 406 1566 riae
426 1505 504 1566 haec
532 1504 662 1585 opponi.
706 1500 784 1579 Quis
812 1502 981 1568 declaravit
1002 1508 1037 1567 in
1058 1517 1147 1568 sexte
1169 1503 1248 1590 quid
1269 1506 1363 1583 terri.

339 1619 418 1681 biles
439 1617 519 1680 ritus
546 1617 697 1681 Bellonae
727 1617 896 1682 sacerdotis
911 1615 1066 1702 'descripti
1094 1622 1155 1684 sibi
1181 1611 1294 1683 velint
1309 1632 1364 1682 snt

340 1732 473 1801 Osiridis
494 1730 603 1798 leudes
623 1732 658 1797 in
679 1730 834 1819 septima?
875 1734 961 1801 Nolo
981 1737 1075 1820 plura
1102 1734 1235 1815 addere3
1263 1733 1365 1816 expli-

340 1852 391 1915 cui
410 1853 446 1914 in
467 1847 702 1914 commentatio
723 1850 843 1934 ubique
873 1848 965 1914 etiam
996 1849 1036 1912 de
1064 1852 1193 1913 talibus.
1239 1848 1307 1934 tttcj
1328 1860 1365 1909 ut

339 1966 500 2032 absolvam
521 1986 603 2048 quse
624 1962 767 2049 disputo,
788 1986 861 2028 oum
881 1966 1074 2047 singularum
1086 1955 1202 2026 vrerum
1221 1960 1362 2022 omnium

337 2081 505 2147 consilium
523 2079 663 2158 positum
686 2080 728 2141 sit
753 2079 790 2138 in
818 2078 889 2156 ipso
916 2079 1069 2151 themate,
1101 2071 1190 2134 sides
1209 2090 1270 2152 pro
1290 2071 1361 2131 the·

338 2206 420 2256 mate
442 2199 525 2253 recte
549 2190 644 2249 etiam
664 2186 727 2247 dici
748 2185 914 2247 consilium
935 2195 990 2244 aut
1008 2199 1171 2244 summum
1192 2185 1359 2248 eonsilium

337 2300 497 2380 carminis,
526 2310 563 2359 ut
590 2297 641 2358 bic
671 2307 702 2358 et
730 2295 765 2356 in
793 2293 923 2356 Pindari
951 2293 1090 2358 edilium
1118 2295 1234 2379 passim
1254 2299 1359 2362 facere

336 2419 434 2481 soleo.
485 2407 549 2473 Sed
570 2412 611 2472 ab
633 2409 694 2473 hoc
716 2404 873 2487 distinguo
895 2407 1086 2472 obiectivum
1113 2412 1292 2490 eonsilium,
1324 2423 1361 2475 ut

332 2530 543 2603 Weiskerus,
574 2524 673 2591 veluti
692 2523 849 2588 Pindarus
876 2526 1026 2608 epinicios
1050 2527 1185 2610 hymnos
1211 2548 1286 2592 suos
1308 2550 1359 2593 ce·

336 2644 428 2720 cinit,
451 2654 487 2704 ot
506 2639 680 2705 victorsssus
700 2636 850 2704 ludorum
872 2642 975 2703 honos
996 2656 1077 2705 esset
1097 2656 1129 2706 et
1150 2642 1283 2726 epitrieia
1305 2665 1358 2708 or-

335 2772 487 2823 narentur
509 2770 602 2822 canto
623 2754 730 2836 ebori,
762 2770 817 2820 aut
838 2756 978 2821 dramata
999 2757 1122 2823 Graeca
1148 2761 1264 2843 scripta
1285 2776 1360 2824 sont

335 2873 375 2937 ad
397 2874 552 2957 Dionysia
575 2869 778 2950 celebranda,
808 2883 863 2934 sut
883 2873 1038 2954 Tyrtaeus
1064 2876 1177 2955 elegias
1203 2875 1293 2953 fecit,
1323 2889 1359 2939 ut

315 2990 506 3074 Spartanos
528 2986 570 3051 ad
589 2989 708 3050 bellum
731 2987 890 3052 excitaret.
941 2988 1087 3052 Tibullus
1109 3004 1231 3071 autem,
1260 3005 1296 3054 ut
1317 2992 1357 3056 ad

334 3106 420 3165 hunc
440 3101 583 3178 redeam,
606 3119 732 3163 carmen
752 3102 892 3183 primum
913 3102 988 3164 libri
1008 3105 1104 3185 primi
1125 3106 1247 3188 suipsit
1266 3120 1303 3169 ut
1323 3127 1357 3169 se

334 3218 488 3296 Messalae
508 3227 680 3291 excusaret,
704 3236 829 3278 carmen
851 3219 1018 3298 septimum
1033 3232 1065 3283 et
1079 3223 1211 3283 alternum
1226 3220 1356 3285 sectmdi

333 3329 409 3392 libri
430 3325 470 3390 ad
491 3328 632 3391 natalitia
651 3327 804 3391 Messalae
827 3343 858 3391 et
880 3329 1023 3395 Corinthi
1045 3330 1196 3410 ornanda,
1216 3332 1252 3395 iu
1270 3356 1355 3396 antea

334 3446 423 3510 toriis
444 3457 548 3507 autem
570 3444 674 3525 elegiis
693 3444 728 3508 id
757 3445 834 3525 ogit,
866 3458 903 3509 ut
922 3448 1043 3529 puellas
1065 3469 1136 3511 suas
1162 3465 1357 3516 commoveat

334 3572 365 3621 et
392 3560 455 3622 huc
484 3578 610 3622 omnem
639 3558 705 3623 vim
734 3562 906 3623 verborum
936 3560 1050 3641 dirigit.
1109 3558 1258 3645 Denique
1287 3564 1357 3629 fieri

262 3752 265 3757 γ
331 3682 453 3757 polest,
474 3687 510 3737 ut
528 3676 617 3738 locus
638 3677 751 3760 uliquis
774 3675 891 3759 duplex
913 3678 1078 3741 consilium
1098 3680 1230 3758 habeat,
1257 3682 1355 3744 veluti

333 3789 418 3871 opud
440 3788 602 3853 Tibullum
629 3790 663 3852 in
691 3790 802 3873 quinte
831 3791 928 3870 elegis
955 3793 1030 3855 libri
1057 3791 1152 3874 primi
1180 3795 1354 3859 exsecratio

333 3906 422 3967 lenae
453 3917 485 3966 et
512 3915 646 3987 propter
675 3906 758 3969 hone
792 3903 894 3986 posita
926 3914 972 3965 est
1001 3916 1031 3966 et
1059 3916 1192 3987 propter
1219 3907 1353 3972 Deliam.

332 4018 417 4082 Rara
437 4032 542 4081 tamen
563 4021 614 4082 hie
635 4038 704 4096 res,
734 4017 819 4080 unde
841 4036 925 4081 nune
945 4018 1044 4081 verbo
1065 4015 1219 4079 indicasse
1239 4017 1355 4082 suffieit

333 4133 420 4215 quod
441 4132 689 4197 Commentarius
718 4134 775 4196 ubi
801 4153 880 4216 opus
902 4133 1046 4215 pluribus
1068 4135 1226 4216 explanat.
1277 4136 1354 4199 Post
