<?xml version="1.0" encoding="UTF-8"?>
<!DOCTYPE html PUBLIC "-//W3C//DTD XHTML 1.0 Transitional//EN"
    "http://www.w3.org/TR/xhtml1/DTD/xhtml1-transitional.dtd">
<html xmlns="http://www.w3.org/1999/xhtml" xml:lang="en" lang="en">
 <head>
  <title>
</title>
<meta http-equiv="Content-Type" content="text/html;charset=utf-8" />
  <meta name='ocr-system' content='tesseract 3.04.00' />
  <meta name='ocr-capabilities' content='ocr_page ocr_carea ocr_par ocr_line ocrx_word'/>
</head>
<body>
  <div class='ocr_page' id='page_1' title='image "albiitibullicar00unkngoog_0089.png"; bbox 0 0 3009 4725; ppageno 0'>
   <div class='ocr_carea' id='block_1_1' title="bbox 566 426 1171 500">
    <p class='ocr_par' dir='ltr' id='par_1_1' title="bbox 566 426 1171 500">
     <span class='ocr_line' id='line_1_1' title="bbox 566 426 1171 500; baseline 0.007 -11"><span class='ocrx_word' id='word_1_1' title='bbox 566 426 750 490; x_wconf 85' lang='lat' dir='ltr'><strong>TlBULLl.</strong></span> <span class='ocrx_word' id='word_1_2' title='bbox 1075 456 1171 500; x_wconf 76' lang='lat' dir='ltr'><strong>txxxr</strong></span> 
     </span>
    </p>
   </div>
   <div class='ocr_carea' id='block_1_2' title="bbox 139 600 1169 2526">
    <p class='ocr_par' dir='ltr' id='par_1_2' title="bbox 139 600 1169 2526">
     <span class='ocr_line' id='line_1_2' title="bbox 139 600 1169 691; baseline 0 -19"><span class='ocrx_word' id='word_1_3' title='bbox 139 608 339 691; x_wconf 76' lang='lat' dir='ltr'><strong>compositio.</strong></span> <span class='ocrx_word' id='word_1_4' title='bbox 386 605 459 666; x_wconf 84' lang='lat' dir='ltr'><strong>Alio</strong></span> <span class='ocrx_word' id='word_1_5' title='bbox 474 603 543 663; x_wconf 88' lang='lat' dir='ltr'><strong>loco</strong></span> <span class='ocrx_word' id='word_1_6' title='bbox 560 600 720 681; x_wconf 88' lang='lat' dir='ltr'><strong>praeclaro</strong></span> <span class='ocrx_word' id='word_1_7' title='bbox 733 600 758 677; x_wconf 89' lang='grc' dir='ltr'>Ι,</span> <span class='ocrx_word' id='word_1_8' title='bbox 769 605 798 678; x_wconf 84' lang='grc'>3,</span> <span class='ocrx_word' id='word_1_9' title='bbox 813 605 925 664; x_wconf 82' lang='lat'><strong>10-50.</strong></span> <span class='ocrx_word' id='word_1_10' title='bbox 946 605 1056 667; x_wconf 87' lang='lat' dir='ltr'><strong>morbo</strong></span> <span class='ocrx_word' id='word_1_11' title='bbox 1076 621 1169 688; x_wconf 86' lang='lat' dir='ltr'><strong>poeta</strong></span> 
     </span>
     <span class='ocr_line' id='line_1_3' title="bbox 141 713 1168 803; baseline 0.002 -22"><span class='ocrx_word' id='word_1_12' title='bbox 141 724 174 783; x_wconf 89' lang='lat' dir='ltr'><strong>in</strong></span> <span class='ocrx_word' id='word_1_13' title='bbox 195 722 337 803; x_wconf 80' lang='lat' dir='ltr'><strong>Corcyra</strong></span> <span class='ocrx_word' id='word_1_14' title='bbox 359 720 512 779; x_wconf 88' lang='lat' dir='ltr'><strong>laborans</strong></span> <span class='ocrx_word' id='word_1_15' title='bbox 535 715 680 795; x_wconf 81' lang='lat' dir='ltr'><strong>querelae</strong></span> <span class='ocrx_word' id='word_1_16' title='bbox 708 713 774 774; x_wconf 82' lang='lat' dir='ltr'><strong>vim</strong></span> <span class='ocrx_word' id='word_1_17' title='bbox 796 732 921 776; x_wconf 87' lang='lat' dir='ltr'><strong>omnem</strong></span> <span class='ocrx_word' id='word_1_18' title='bbox 947 720 1091 781; x_wconf 78' lang='lat' dir='ltr'>exhaurit</span> <span class='ocrx_word' id='word_1_19' title='bbox 1112 724 1168 783; x_wconf 86' lang='lat' dir='ltr'><strong>tri-</strong></span> 
     </span>
     <span class='ocr_line' id='line_1_4' title="bbox 142 824 1167 915; baseline -0.002 -17"><span class='ocrx_word' id='word_1_20' title='bbox 142 839 203 898; x_wconf 89' lang='lat' dir='ltr'><strong>bus</strong></span> <span class='ocrx_word' id='word_1_21' title='bbox 232 832 500 915; x_wconf 79' lang='lat' dir='ltr'><strong>descriptionibus</strong></span> <span class='ocrx_word' id='word_1_22' title='bbox 529 848 587 908; x_wconf 89' lang='lat' dir='ltr'><strong>per</strong></span> <span class='ocrx_word' id='word_1_23' title='bbox 620 824 837 905; x_wconf 80' lang='lat' dir='ltr'><strong>gradationem</strong></span> <span class='ocrx_word' id='word_1_24' title='bbox 867 829 1056 909; x_wconf 86' lang='lat' dir='ltr'><strong>coniunctis,</strong></span> <span class='ocrx_word' id='word_1_25' title='bbox 1093 833 1167 898; x_wconf 89' lang='lat' dir='ltr'><strong>dum</strong></span> 
     </span>
     <span class='ocr_line' id='line_1_5' title="bbox 147 938 1167 1029; baseline 0.003 -20"><span class='ocrx_word' id='word_1_26' title='bbox 147 951 284 1029; x_wconf 88' lang='lat' dir='ltr'><strong>primum</strong></span> <span class='ocrx_word' id='word_1_27' title='bbox 302 969 335 1007; x_wconf 85' lang='lat' dir='ltr'><strong>se</strong></span> <span class='ocrx_word' id='word_1_28' title='bbox 354 946 484 1020; x_wconf 83' lang='lat' dir='ltr'><strong>accusat,</strong></span> <span class='ocrx_word' id='word_1_29' title='bbox 506 938 592 1024; x_wconf 84' lang='lat' dir='ltr'><strong>quod</strong></span> <span class='ocrx_word' id='word_1_30' title='bbox 607 941 706 1002; x_wconf 83' lang='lat' dir='ltr'><strong>invito</strong></span> <span class='ocrx_word' id='word_1_31' title='bbox 720 941 837 1002; x_wconf 81' lang='lat' dir='ltr'><strong>Amore</strong></span> <span class='ocrx_word' id='word_1_32' title='bbox 852 941 1034 1022; x_wconf 85' lang='lat' dir='ltr'><strong>discesserit,</strong></span> <span class='ocrx_word' id='word_1_33' title='bbox 1056 945 1167 1012; x_wconf 90' lang='lat' dir='ltr'><strong>deinde</strong></span> 
     </span>
     <span class='ocr_line' id='line_1_6' title="bbox 151 1055 1168 1147; baseline 0.003 -24"><span class='ocrx_word' id='word_1_34' title='bbox 151 1061 265 1123; x_wconf 87' lang='lat' dir='ltr'><strong>Isidem</strong></span> <span class='ocrx_word' id='word_1_35' title='bbox 291 1059 379 1121; x_wconf 88' lang='lat' dir='ltr'><strong>deam</strong></span> <span class='ocrx_word' id='word_1_36' title='bbox 400 1060 564 1119; x_wconf 86' lang='lat' dir='ltr'><strong>salutarem</strong></span> <span class='ocrx_word' id='word_1_37' title='bbox 586 1079 604 1116; x_wconf 93' lang='lat' dir='ltr'><strong>a</strong></span> <span class='ocrx_word' id='word_1_38' title='bbox 625 1055 720 1116; x_wconf 89' lang='lat' dir='ltr'><strong>Delia</strong></span> <span class='ocrx_word' id='word_1_39' title='bbox 740 1056 859 1118; x_wconf 82' lang='lat' dir='ltr'><strong>frustra</strong></span> <span class='ocrx_word' id='word_1_40' title='bbox 881 1059 1010 1134; x_wconf 87' lang='lat' dir='ltr'><strong>cultam,</strong></span> <span class='ocrx_word' id='word_1_41' title='bbox 1033 1058 1168 1147; x_wconf 86' lang='lat' dir='ltr'><strong>denique</strong></span> 
     </span>
     <span class='ocr_line' id='line_1_7' title="bbox 155 1167 1168 1252; baseline 0.005 -18"><span class='ocrx_word' id='word_1_42' title='bbox 155 1176 311 1234; x_wconf 80' lang='lat' dir='ltr'><strong>saeculum</strong></span> <span class='ocrx_word' id='word_1_43' title='bbox 325 1192 469 1252; x_wconf 80' lang='lat' dir='ltr'><strong>praesens</strong></span> <span class='ocrx_word' id='word_1_44' title='bbox 487 1181 591 1232; x_wconf 90' lang='lat' dir='ltr'><strong>totum</strong></span> <span class='ocrx_word' id='word_1_45' title='bbox 611 1169 700 1229; x_wconf 89' lang='lat' dir='ltr'><strong>bellis</strong></span> <span class='ocrx_word' id='word_1_46' title='bbox 720 1182 751 1229; x_wconf 90' lang='lat' dir='ltr'><strong>et</strong></span> <span class='ocrx_word' id='word_1_47' title='bbox 770 1167 905 1249; x_wconf 86' lang='lat' dir='ltr'><strong>praedae</strong></span> <span class='ocrx_word' id='word_1_48' title='bbox 926 1171 1074 1238; x_wconf 88' lang='lat' dir='ltr'><strong>deditum.</strong></span> <span class='ocrx_word' id='word_1_49' title='bbox 1116 1179 1168 1240; x_wconf 87' lang='lat' dir='ltr'><strong>De</strong></span> 
     </span>
     <span class='ocr_line' id='line_1_8' title="bbox 151 1286 1168 1371; baseline 0.003 -19"><span class='ocrx_word' id='word_1_50' title='bbox 151 1291 373 1371; x_wconf 84' lang='lat' dir='ltr'><strong>compositione</strong></span> <span class='ocrx_word' id='word_1_51' title='bbox 401 1289 598 1367; x_wconf 85' lang='lat' dir='ltr'><strong>singulorum</strong></span> <span class='ocrx_word' id='word_1_52' title='bbox 626 1287 771 1346; x_wconf 87' lang='lat' dir='ltr'><strong>locorum</strong></span> <span class='ocrx_word' id='word_1_53' title='bbox 798 1307 894 1367; x_wconf 88' lang='lat' dir='ltr'><strong>supra</strong></span> <span class='ocrx_word' id='word_1_54' title='bbox 921 1286 1048 1353; x_wconf 85' lang='lat' dir='ltr'><strong>dietum.</strong></span> <span class='ocrx_word' id='word_1_55' title='bbox 1105 1291 1168 1369; x_wconf 75' lang='lat' dir='ltr'><strong>Qui</strong></span> 
     </span>
     <span class='ocr_line' id='line_1_9' title="bbox 148 1398 1167 1483; baseline 0.002 -17"><span class='ocrx_word' id='word_1_56' title='bbox 148 1407 309 1466; x_wconf 88' lang='lat' dir='ltr'><strong>Tibullum</strong></span> <span class='ocrx_word' id='word_1_57' title='bbox 331 1403 406 1466; x_wconf 86' lang='lat' dir='ltr'><strong>artis</strong></span> <span class='ocrx_word' id='word_1_58' title='bbox 432 1405 577 1483; x_wconf 86' lang='lat' dir='ltr'><strong>ignarum</strong></span> <span class='ocrx_word' id='word_1_59' title='bbox 604 1413 730 1482; x_wconf 84' lang='lat' dir='ltr'><strong>putant,</strong></span> <span class='ocrx_word' id='word_1_60' title='bbox 762 1398 881 1463; x_wconf 78' lang='lat' dir='ltr'><strong>discam</strong></span> <span class='ocrx_word' id='word_1_61' title='bbox 910 1403 960 1464; x_wconf 88' lang='lat' dir='ltr'><strong>vel</strong></span> <span class='ocrx_word' id='word_1_62' title='bbox 985 1425 1026 1472; x_wconf 78' lang='lat' dir='ltr'><strong>ex</strong></span> <span class='ocrx_word' id='word_1_63' title='bbox 1054 1406 1167 1468; x_wconf 88' lang='lat' dir='ltr'><strong>talibus</strong></span> 
     </span>
     <span class='ocr_line' id='line_1_10' title="bbox 149 1509 1168 1599; baseline 0.005 -21"><span class='ocrx_word' id='word_1_64' title='bbox 149 1513 234 1599; x_wconf 88' lang='lat' dir='ltr'><strong>(nam</strong></span> <span class='ocrx_word' id='word_1_65' title='bbox 255 1518 376 1580; x_wconf 87' lang='lat' dir='ltr'><strong>maiora</strong></span> <span class='ocrx_word' id='word_1_66' title='bbox 396 1516 482 1577; x_wconf 84' lang='lat' dir='ltr'><strong>infra</strong></span> <span class='ocrx_word' id='word_1_67' title='bbox 501 1509 703 1596; x_wconf 75' lang='lat' dir='ltr'><strong>videbimus),</strong></span> <span class='ocrx_word' id='word_1_68' title='bbox 726 1525 876 1595; x_wconf 84' lang='lat' dir='ltr'><strong>quantam</strong></span> <span class='ocrx_word' id='word_1_69' title='bbox 891 1516 1038 1579; x_wconf 87' lang='lat' dir='ltr'><strong>iniuriam</strong></span> <span class='ocrx_word' id='word_1_70' title='bbox 1053 1519 1168 1582; x_wconf 83' lang='lat' dir='ltr'><strong>iaciant</strong></span> 
     </span>
     <span class='ocr_line' id='line_1_11' title="bbox 152 1628 1168 1710; baseline 0.005 -18"><span class='ocrx_word' id='word_1_71' title='bbox 152 1632 267 1710; x_wconf 90' lang='lat' dir='ltr'><strong>optimo</strong></span> <span class='ocrx_word' id='word_1_72' title='bbox 293 1641 417 1710; x_wconf 87' lang='lat' dir='ltr'><strong>poetae.</strong></span> <span class='ocrx_word' id='word_1_73' title='bbox 459 1631 603 1706; x_wconf 65' lang='lat' dir='ltr'><strong>[agmina</strong></span> <span class='ocrx_word' id='word_1_74' title='bbox 627 1628 811 1710; x_wconf 78' lang='lat' dir='ltr'><strong>praeclarum</strong></span> <span class='ocrx_word' id='word_1_75' title='bbox 840 1633 958 1691; x_wconf 76' lang='lat' dir='ltr'><strong>unitates</strong></span> <span class='ocrx_word' id='word_1_76' title='bbox 985 1654 1079 1694; x_wconf 84' lang='lat' dir='ltr'><strong>reram</strong></span> <span class='ocrx_word' id='word_1_77' title='bbox 1106 1656 1168 1697; x_wconf 77' lang='lat' dir='ltr'><strong>sere</strong></span> 
     </span>
     <span class='ocr_line' id='line_1_12' title="bbox 150 1744 1168 1828; baseline 0.006 -22"><span class='ocrx_word' id='word_1_78' title='bbox 150 1751 273 1827; x_wconf 81' lang='lat' dir='ltr'><strong>poeticas</strong></span> <span class='ocrx_word' id='word_1_79' title='bbox 294 1746 483 1820; x_wconf 72' lang='lat' dir='ltr'><strong>nominabat,</strong></span> <span class='ocrx_word' id='word_1_80' title='bbox 511 1744 668 1805; x_wconf 73' lang='lat' dir='ltr'><strong>accedebat</strong></span> <span class='ocrx_word' id='word_1_81' title='bbox 687 1765 739 1804; x_wconf 82' lang='lat' dir='ltr'><strong>ars</strong></span> <span class='ocrx_word' id='word_1_82' title='bbox 758 1764 814 1804; x_wconf 84' lang='lat' dir='ltr'><strong>non</strong></span> <span class='ocrx_word' id='word_1_83' title='bbox 832 1750 923 1805; x_wconf 86' lang='lat' dir='ltr'><strong>minus</strong></span> <span class='ocrx_word' id='word_1_84' title='bbox 939 1751 1109 1828; x_wconf 80' lang='lat' dir='ltr'><strong>praeclara,</strong></span> <span class='ocrx_word' id='word_1_85' title='bbox 1136 1763 1168 1812; x_wconf 80' lang='lat' dir='ltr'><strong>ut</strong></span> 
     </span>
     <span class='ocr_line' id='line_1_13' title="bbox 151 1857 1166 1944; baseline 0.005 -23"><span class='ocrx_word' id='word_1_86' title='bbox 151 1872 262 1944; x_wconf 62' lang='lat' dir='ltr'><strong>mmet,</strong></span> <span class='ocrx_word' id='word_1_87' title='bbox 289 1862 364 1942; x_wconf 84' lang='lat' dir='ltr'><strong>quod</strong></span> <span class='ocrx_word' id='word_1_88' title='bbox 383 1867 533 1937; x_wconf 72' lang='lat' dir='ltr'><strong>inumbret,</strong></span> <span class='ocrx_word' id='word_1_89' title='bbox 558 1865 650 1944; x_wconf 82' lang='lat' dir='ltr'><strong>eloqui</strong></span> <span class='ocrx_word' id='word_1_90' title='bbox 665 1865 776 1942; x_wconf 80' lang='lat' dir='ltr'><strong>optime.</strong></span> <span class='ocrx_word' id='word_1_91' title='bbox 818 1857 880 1921; x_wconf 84' lang='lat' dir='ltr'><strong>Sed</strong></span> <span class='ocrx_word' id='word_1_92' title='bbox 903 1864 995 1941; x_wconf 85' lang='lat' dir='ltr'><strong>pauci</strong></span> <span class='ocrx_word' id='word_1_93' title='bbox 1019 1861 1058 1925; x_wconf 84' lang='lat' dir='ltr'><strong>ad</strong></span> <span class='ocrx_word' id='word_1_94' title='bbox 1083 1886 1166 1928; x_wconf 87' lang='lat' dir='ltr'><strong>eom·</strong></span> 
     </span>
     <span class='ocr_line' id='line_1_14' title="bbox 148 1973 1168 2059; baseline 0 -19"><span class='ocrx_word' id='word_1_95' title='bbox 148 1978 342 2059; x_wconf 79' lang='lat' dir='ltr'><strong>positionem</strong></span> <span class='ocrx_word' id='word_1_96' title='bbox 362 1973 534 2038; x_wconf 85' lang='lat' dir='ltr'><strong>attendunt.</strong></span> <span class='ocrx_word' id='word_1_97' title='bbox 571 1977 733 2040; x_wconf 78' lang='lat' dir='ltr'><strong>Finiamus</strong></span> <span class='ocrx_word' id='word_1_98' title='bbox 750 1996 836 2035; x_wconf 87' lang='lat' dir='ltr'><strong>nttnc</strong></span> <span class='ocrx_word' id='word_1_99' title='bbox 855 1977 936 2036; x_wconf 83' lang='lat' dir='ltr'><strong>hanc</strong></span> <span class='ocrx_word' id='word_1_100' title='bbox 953 1976 991 2037; x_wconf 88' lang='lat' dir='ltr'><strong>de</strong></span> <span class='ocrx_word' id='word_1_101' title='bbox 1014 1978 1168 2055; x_wconf 81' lang='lat' dir='ltr'><strong>gradatio·</strong></span> 
     </span>
     <span class='ocr_line' id='line_1_15' title="bbox 147 2088 1168 2175; baseline -0.003 -18"><span class='ocrx_word' id='word_1_102' title='bbox 147 2098 195 2157; x_wconf 90' lang='lat' dir='ltr'><strong>nls</strong></span> <span class='ocrx_word' id='word_1_103' title='bbox 217 2115 278 2156; x_wconf 89' lang='lat' dir='ltr'><strong>usu</strong></span> <span class='ocrx_word' id='word_1_104' title='bbox 297 2090 536 2175; x_wconf 87' lang='lat' dir='ltr'><strong>disputationem</strong></span> <span class='ocrx_word' id='word_1_105' title='bbox 553 2090 762 2175; x_wconf 87' lang='lat' dir='ltr'><strong>explicatione</strong></span> <span class='ocrx_word' id='word_1_106' title='bbox 782 2088 918 2152; x_wconf 89' lang='lat' dir='ltr'><strong>duorum</strong></span> <span class='ocrx_word' id='word_1_107' title='bbox 935 2092 1078 2155; x_wconf 88' lang='lat' dir='ltr'><strong>locorum</strong></span> <span class='ocrx_word' id='word_1_108' title='bbox 1101 2115 1168 2175; x_wconf 75' lang='lat' dir='ltr'><strong>my·</strong></span> 
     </span>
     <span class='ocr_line' id='line_1_16' title="bbox 147 2207 1168 2289; baseline 0.002 -17"><span class='ocrx_word' id='word_1_109' title='bbox 147 2213 302 2274; x_wconf 88' lang='lat' dir='ltr'><strong>thicorum</strong></span> <span class='ocrx_word' id='word_1_110' title='bbox 327 2210 407 2272; x_wconf 87' lang='lat' dir='ltr'><strong>alius</strong></span> <span class='ocrx_word' id='word_1_111' title='bbox 434 2212 566 2289; x_wconf 80' lang='lat' dir='ltr'><strong>generis.</strong></span> <span class='ocrx_word' id='word_1_112' title='bbox 613 2209 739 2270; x_wconf 86' lang='lat' dir='ltr'><strong>Primus</strong></span> <span class='ocrx_word' id='word_1_113' title='bbox 769 2219 815 2269; x_wconf 85' lang='lat' dir='ltr'><strong>est</strong></span> <span class='ocrx_word' id='word_1_114' title='bbox 835 2207 879 2286; x_wconf 88' lang='grc' dir='ltr'>ΙΙ,</span> <span class='ocrx_word' id='word_1_115' title='bbox 903 2215 937 2287; x_wconf 86' lang='grc'>5,</span> <span class='ocrx_word' id='word_1_116' title='bbox 959 2215 1090 2275; x_wconf 83' lang='grc'><strong>39-62.</strong></span> <span class='ocrx_word' id='word_1_117' title='bbox 1112 2213 1168 2274; x_wconf 86' lang='lat' dir='ltr'><strong>nbi</strong></span> 
     </span>
     <span class='ocr_line' id='line_1_17' title="bbox 147 2323 1168 2409; baseline 0.004 -20"><span class='ocrx_word' id='word_1_118' title='bbox 147 2325 267 2409; x_wconf 83' lang='lat' dir='ltr'><strong>Sibylla</strong></span> <span class='ocrx_word' id='word_1_119' title='bbox 286 2324 327 2389; x_wconf 87' lang='lat' dir='ltr'><strong>de</strong></span> <span class='ocrx_word' id='word_1_120' title='bbox 349 2324 471 2404; x_wconf 82' lang='lat' dir='ltr'><strong>origine</strong></span> <span class='ocrx_word' id='word_1_121' title='bbox 495 2338 526 2386; x_wconf 94' lang='lat' dir='ltr'><strong>et</strong></span> <span class='ocrx_word' id='word_1_122' title='bbox 550 2323 762 2404; x_wconf 79' lang='lat' dir='ltr'><strong>magnitudine</strong></span> <span class='ocrx_word' id='word_1_123' title='bbox 791 2325 897 2389; x_wconf 70' lang='lat' dir='ltr'><strong>funera</strong></span> <span class='ocrx_word' id='word_1_124' title='bbox 919 2326 1038 2391; x_wconf 87' lang='lat' dir='ltr'><strong>Romae</strong></span> <span class='ocrx_word' id='word_1_125' title='bbox 1060 2343 1168 2393; x_wconf 89' lang='lat' dir='ltr'><strong>narrat</strong></span> 
     </span>
     <span class='ocr_line' id='line_1_18' title="bbox 147 2438 1166 2526; baseline 0.002 -22"><span class='ocrx_word' id='word_1_126' title='bbox 147 2438 221 2504; x_wconf 85' lang='lat' dir='ltr'><strong>inde</strong></span> <span class='ocrx_word' id='word_1_127' title='bbox 242 2442 282 2502; x_wconf 90' lang='lat' dir='ltr'><strong>ab</strong></span> <span class='ocrx_word' id='word_1_128' title='bbox 302 2443 428 2502; x_wconf 86' lang='lat' dir='ltr'><strong>Aeneae</strong></span> <span class='ocrx_word' id='word_1_129' title='bbox 449 2440 523 2519; x_wconf 81' lang='lat' dir='ltr'><strong>fuga</strong></span> <span class='ocrx_word' id='word_1_130' title='bbox 545 2460 562 2500; x_wconf 88' lang='lat' dir='ltr'><strong>e</strong></span> <span class='ocrx_word' id='word_1_131' title='bbox 583 2440 696 2516; x_wconf 87' lang='lat' dir='ltr'><strong>Troia,</strong></span> <span class='ocrx_word' id='word_1_132' title='bbox 718 2453 747 2501; x_wconf 90' lang='lat' dir='ltr'><strong>et</strong></span> <span class='ocrx_word' id='word_1_133' title='bbox 771 2441 920 2503; x_wconf 85' lang='lat' dir='ltr'><strong>continua</strong></span> <span class='ocrx_word' id='word_1_134' title='bbox 941 2442 1076 2526; x_wconf 85' lang='lat' dir='ltr'><strong>quadam</strong></span> <span class='ocrx_word' id='word_1_135' title='bbox 1097 2467 1166 2525; x_wconf 81' lang='lat' dir='ltr'><strong>gra·</strong></span> 
     </span>
    </p>
   </div>
   <div class='ocr_carea' id='block_1_3' title="bbox 145 2531 1166 2636">
    <p class='ocr_par' dir='ltr' id='par_1_3' title="bbox 145 2531 1166 2636">
     <span class='ocr_line' id='line_1_19' title="bbox 145 2531 1166 2636; baseline 0.003 -20"><span class='ocrx_word' id='word_1_136' title='bbox 145 2531 273 2617; x_wconf 70' lang='lat' dir='ltr'><strong>datione</strong></span> <span class='ocrx_word' id='word_1_137' title='bbox 300 2556 462 2636; x_wconf 85' lang='lat' dir='ltr'><strong>praeclara</strong></span> <span class='ocrx_word' id='word_1_138' title='bbox 485 2552 581 2613; x_wconf 89' lang='lat' dir='ltr'><strong>series</strong></span> <span class='ocrx_word' id='word_1_139' title='bbox 609 2550 766 2613; x_wconf 79' lang='lat' dir='ltr'><strong>visionum</strong></span> <span class='ocrx_word' id='word_1_140' title='bbox 790 2557 968 2616; x_wconf 82' lang='lat' dir='ltr'><strong>exhibetur.</strong></span> <span class='ocrx_word' id='word_1_141' title='bbox 1019 2554 1166 2619; x_wconf 86' lang='lat' dir='ltr'><strong>Ceterum</strong></span> 
     </span>
    </p>
   </div>
   <div class='ocr_carea' id='block_1_4' title="bbox 136 2664 1170 4241">
    <p class='ocr_par' dir='ltr' id='par_1_4' title="bbox 136 2664 1170 4241">
     <span class='ocr_line' id='line_1_20' title="bbox 143 2664 1165 2749; baseline 0.001 -18"><span class='ocrx_word' id='word_1_142' title='bbox 143 2681 181 2731; x_wconf 88' lang='lat' dir='ltr'><strong>ut</strong></span> <span class='ocrx_word' id='word_1_143' title='bbox 202 2668 388 2731; x_wconf 82' lang='lat' dir='ltr'><strong>historicum</strong></span> <span class='ocrx_word' id='word_1_144' title='bbox 408 2688 515 2728; x_wconf 78' lang='lat' dir='ltr'><strong>renam</strong></span> <span class='ocrx_word' id='word_1_145' title='bbox 538 2664 682 2729; x_wconf 85' lang='lat' dir='ltr'><strong>ordinem</strong></span> <span class='ocrx_word' id='word_1_146' title='bbox 705 2679 807 2728; x_wconf 77' lang='lat' dir='ltr'><strong>seruat</strong></span> <span class='ocrx_word' id='word_1_147' title='bbox 829 2669 942 2745; x_wconf 80' lang='lat' dir='ltr'><strong>elegia,</strong></span> <span class='ocrx_word' id='word_1_148' title='bbox 967 2671 994 2729; x_wconf 87' lang='lat' dir='ltr'><strong>si</strong></span> <span class='ocrx_word' id='word_1_149' title='bbox 1013 2673 1165 2749; x_wconf 86' lang='lat' dir='ltr'><strong>poeticam</strong></span> 
     </span>
     <span class='ocr_line' id='line_1_21' title="bbox 141 2779 1168 2860; baseline 0.002 -17"><span class='ocrx_word' id='word_1_150' title='bbox 141 2782 284 2843; x_wconf 75' lang='lat' dir='ltr'><strong>formam</strong></span> <span class='ocrx_word' id='word_1_151' title='bbox 307 2779 452 2856; x_wconf 83' lang='lat' dir='ltr'><strong>admittit,</strong></span> <span class='ocrx_word' id='word_1_152' title='bbox 474 2782 517 2840; x_wconf 89' lang='lat' dir='ltr'><strong>ita</strong></span> <span class='ocrx_word' id='word_1_153' title='bbox 538 2782 780 2860; x_wconf 82' lang='lat' dir='ltr'><strong>geographicum</strong></span> <span class='ocrx_word' id='word_1_154' title='bbox 797 2780 940 2839; x_wconf 91' lang='lat' dir='ltr'><strong>locorum</strong></span> <span class='ocrx_word' id='word_1_155' title='bbox 959 2801 1044 2841; x_wconf 85' lang='lat' dir='ltr'><strong>nnnc</strong></span> <span class='ocrx_word' id='word_1_156' title='bbox 1065 2796 1168 2845; x_wconf 88' lang='lat' dir='ltr'><strong>servat</strong></span> 
     </span>
     <span class='ocr_line' id='line_1_22' title="bbox 140 2891 1167 2976; baseline -0.006 -15"><span class='ocrx_word' id='word_1_157' title='bbox 140 2920 233 2961; x_wconf 83' lang='lat' dir='ltr'><strong>nunc</strong></span> <span class='ocrx_word' id='word_1_158' title='bbox 262 2906 377 2971; x_wconf 76' lang='lat' dir='ltr'><strong>mutat,</strong></span> <span class='ocrx_word' id='word_1_159' title='bbox 405 2908 502 2976; x_wconf 88' lang='lat' dir='ltr'><strong>prout</strong></span> <span class='ocrx_word' id='word_1_160' title='bbox 529 2896 589 2955; x_wconf 89' lang='lat' dir='ltr'><strong>arti</strong></span> <span class='ocrx_word' id='word_1_161' title='bbox 611 2895 753 2976; x_wconf 84' lang='lat' dir='ltr'><strong>poeticae</strong></span> <span class='ocrx_word' id='word_1_162' title='bbox 781 2896 938 2958; x_wconf 84' lang='lat' dir='ltr'><strong>convenit.</strong></span> <span class='ocrx_word' id='word_1_163' title='bbox 983 2891 1118 2971; x_wconf 72' lang='lat' dir='ltr'><strong>Contl,</strong></span> <span class='ocrx_word' id='word_1_164' title='bbox 1138 2904 1167 2974; x_wconf 86' lang='lat'><strong>7,</strong></span> 
     </span>
     <span class='ocr_line' id='line_1_23' title="bbox 143 3009 1168 3097; baseline -0.008 -19"><span class='ocrx_word' id='word_1_165' title='bbox 143 3020 183 3078; x_wconf 87' lang='lat' dir='ltr'><strong>ts</strong></span> <span class='ocrx_word' id='word_1_166' title='bbox 201 3032 295 3097; x_wconf 82' lang='lat' dir='ltr'><strong>sqq,</strong></span> <span class='ocrx_word' id='word_1_167' title='bbox 322 3031 421 3093; x_wconf 87' lang='lat' dir='ltr'><strong>porro</strong></span> <span class='ocrx_word' id='word_1_168' title='bbox 450 3010 526 3072; x_wconf 90' lang='lat' dir='ltr'><strong>ibid.</strong></span> <span class='ocrx_word' id='word_1_169' title='bbox 547 3016 688 3074; x_wconf 83' lang='lat' dir='ltr'><strong>v.9-12</strong></span> <span class='ocrx_word' id='word_1_170' title='bbox 710 3024 740 3073; x_wconf 90' lang='lat' dir='ltr'><strong>et</strong></span> <span class='ocrx_word' id='word_1_171' title='bbox 760 3012 791 3089; x_wconf 89' lang='grc' dir='ltr'>Ι,</span> <span class='ocrx_word' id='word_1_172' title='bbox 806 3018 840 3087; x_wconf 83' lang='grc'>3,</span> <span class='ocrx_word' id='word_1_173' title='bbox 860 3017 911 3072; x_wconf 89' lang='lat'><strong>71.</strong></span> <span class='ocrx_word' id='word_1_174' title='bbox 960 3010 1030 3071; x_wconf 90' lang='lat' dir='ltr'><strong>Hoc</strong></span> <span class='ocrx_word' id='word_1_175' title='bbox 1058 3009 1168 3073; x_wconf 86' lang='lat' dir='ltr'><strong>obiter.</strong></span> 
     </span>
     <span class='ocr_line' id='line_1_24' title="bbox 138 3126 1167 3209; baseline 0.001 -19"><span class='ocrx_word' id='word_1_176' title='bbox 138 3130 231 3190; x_wconf 81' lang='lat' dir='ltr'><strong>Alter</strong></span> <span class='ocrx_word' id='word_1_177' title='bbox 261 3130 353 3189; x_wconf 86' lang='lat' dir='ltr'><strong>lucus</strong></span> <span class='ocrx_word' id='word_1_178' title='bbox 382 3128 521 3207; x_wconf 79' lang='lat' dir='ltr'><strong>egregius</strong></span> <span class='ocrx_word' id='word_1_179' title='bbox 550 3139 597 3189; x_wconf 91' lang='lat' dir='ltr'><strong>est</strong></span> <span class='ocrx_word' id='word_1_180' title='bbox 626 3131 702 3207; x_wconf 83' lang='lat' dir='ltr'><strong>eleg.</strong></span> <span class='ocrx_word' id='word_1_181' title='bbox 721 3129 751 3203; x_wconf 91' lang='grc' dir='ltr'><strong>Ι,</strong></span> <span class='ocrx_word' id='word_1_182' title='bbox 775 3135 803 3203; x_wconf 87' lang='grc'><strong>7,</strong></span> <span class='ocrx_word' id='word_1_183' title='bbox 825 3132 866 3187; x_wconf 85' lang='grc'><strong>29</strong></span> <span class='ocrx_word' id='word_1_184' title='bbox 884 3148 952 3209; x_wconf 87' lang='lat' dir='ltr'><strong>sqq.</strong></span> <span class='ocrx_word' id='word_1_185' title='bbox 978 3127 1033 3188; x_wconf 88' lang='lat' dir='ltr'><strong>nbi</strong></span> <span class='ocrx_word' id='word_1_186' title='bbox 1058 3126 1167 3191; x_wconf 85' lang='lat' dir='ltr'><strong>laudes</strong></span> 
     </span>
     <span class='ocr_line' id='line_1_25' title="bbox 139 3237 1168 3322; baseline -0.003 -16"><span class='ocrx_word' id='word_1_187' title='bbox 139 3239 280 3307; x_wconf 82' lang='lat' dir='ltr'><strong>Osiridis</strong></span> <span class='ocrx_word' id='word_1_188' title='bbox 298 3264 357 3322; x_wconf 88' lang='lat' dir='ltr'><strong>per</strong></span> <span class='ocrx_word' id='word_1_189' title='bbox 377 3241 492 3303; x_wconf 87' lang='lat' dir='ltr'><strong>multos</strong></span> <span class='ocrx_word' id='word_1_190' title='bbox 508 3260 620 3302; x_wconf 76' lang='lat' dir='ltr'><strong>tersus</strong></span> <span class='ocrx_word' id='word_1_191' title='bbox 639 3242 682 3302; x_wconf 89' lang='lat' dir='ltr'><strong>sic</strong></span> <span class='ocrx_word' id='word_1_192' title='bbox 701 3252 865 3317; x_wconf 86' lang='lat' dir='ltr'><strong>canuntur,</strong></span> <span class='ocrx_word' id='word_1_193' title='bbox 886 3252 922 3300; x_wconf 85' lang='lat' dir='ltr'><strong>ut</strong></span> <span class='ocrx_word' id='word_1_194' title='bbox 942 3237 1076 3321; x_wconf 85' lang='lat' dir='ltr'><strong>quadam</strong></span> <span class='ocrx_word' id='word_1_195' title='bbox 1094 3261 1168 3305; x_wconf 92' lang='lat' dir='ltr'><strong>con·</strong></span> 
     </span>
     <span class='ocr_line' id='line_1_26' title="bbox 136 3332 1170 3437; baseline 0.002 -18"><span class='ocrx_word' id='word_1_196' title='bbox 136 3332 231 3420; x_wconf 73' lang='lat' dir='ltr'><strong>timia</strong></span> <span class='ocrx_word' id='word_1_197' title='bbox 256 3354 438 3435; x_wconf 83' lang='lat' dir='ltr'><strong>gradatione</strong></span> <span class='ocrx_word' id='word_1_198' title='bbox 461 3358 500 3416; x_wconf 90' lang='lat' dir='ltr'><strong>ab</strong></span> <span class='ocrx_word' id='word_1_199' title='bbox 518 3356 609 3417; x_wconf 88' lang='lat' dir='ltr'><strong>initio</strong></span> <span class='ocrx_word' id='word_1_200' title='bbox 627 3353 775 3417; x_wconf 83' lang='lat' dir='ltr'><strong>adfinem</strong></span> <span class='ocrx_word' id='word_1_201' title='bbox 795 3352 944 3437; x_wconf 87' lang='lat' dir='ltr'><strong>procedat</strong></span> <span class='ocrx_word' id='word_1_202' title='bbox 962 3356 1072 3418; x_wconf 88' lang='lat' dir='ltr'><strong>oratio.</strong></span> <span class='ocrx_word' id='word_1_203' title='bbox 1113 3358 1170 3421; x_wconf 86' lang='lat' dir='ltr'><strong>Est</strong></span> 
     </span>
     <span class='ocr_line' id='line_1_27' title="bbox 138 3464 1167 3555; baseline 0.002 -22"><span class='ocrx_word' id='word_1_204' title='bbox 138 3471 235 3533; x_wconf 84' lang='lat' dir='ltr'><strong>dator</strong></span> <span class='ocrx_word' id='word_1_205' title='bbox 259 3464 373 3547; x_wconf 85' lang='lat' dir='ltr'><strong>Osiris,</strong></span> <span class='ocrx_word' id='word_1_206' title='bbox 398 3469 458 3543; x_wconf 83' lang='lat' dir='ltr'><strong>ait,</strong></span> <span class='ocrx_word' id='word_1_207' title='bbox 477 3469 617 3531; x_wconf 81' lang='lat' dir='ltr'><strong>laetitiae</strong></span> <span class='ocrx_word' id='word_1_208' title='bbox 637 3481 668 3530; x_wconf 87' lang='lat' dir='ltr'><strong>et</strong></span> <span class='ocrx_word' id='word_1_209' title='bbox 686 3469 838 3532; x_wconf 76' lang='lat' dir='ltr'><strong>felicitatis</strong></span> <span class='ocrx_word' id='word_1_210' title='bbox 857 3472 1037 3550; x_wconf 84' lang='lat' dir='ltr'><strong>praeclarus</strong></span> <span class='ocrx_word' id='word_1_211' title='bbox 1055 3473 1167 3555; x_wconf 87' lang='lat' dir='ltr'><strong>etipse</strong></span> 
     </span>
     <span class='ocr_line' id='line_1_28' title="bbox 138 3581 1167 3669; baseline 0.003 -23"><span class='ocrx_word' id='word_1_212' title='bbox 138 3588 234 3648; x_wconf 85' lang='lat' dir='ltr'><strong>etiam</strong></span> <span class='ocrx_word' id='word_1_213' title='bbox 265 3584 453 3645; x_wconf 84' lang='lat' dir='ltr'><strong>laetissimus</strong></span> <span class='ocrx_word' id='word_1_214' title='bbox 482 3581 570 3646; x_wconf 86' lang='lat' dir='ltr'><strong>dens.</strong></span> <span class='ocrx_word' id='word_1_215' title='bbox 628 3586 733 3669; x_wconf 84' lang='lat' dir='ltr'><strong>Atque</strong></span> <span class='ocrx_word' id='word_1_216' title='bbox 765 3583 889 3647; x_wconf 86' lang='lat' dir='ltr'><strong>orditur</strong></span> <span class='ocrx_word' id='word_1_217' title='bbox 917 3588 956 3647; x_wconf 87' lang='lat' dir='ltr'><strong>ab</strong></span> <span class='ocrx_word' id='word_1_218' title='bbox 985 3589 1167 3650; x_wconf 84' lang='lat' dir='ltr'><strong>inventione</strong></span> 
     </span>
     <span class='ocr_line' id='line_1_29' title="bbox 139 3697 1167 3784; baseline -0.003 -20"><span class='ocrx_word' id='word_1_219' title='bbox 139 3701 295 3764; x_wconf 81' lang='lat' dir='ltr'><strong>arationis</strong></span> <span class='ocrx_word' id='word_1_220' title='bbox 315 3697 476 3762; x_wconf 87' lang='lat' dir='ltr'><strong>laudanda</strong></span> <span class='ocrx_word' id='word_1_221' title='bbox 494 3708 526 3762; x_wconf 84' lang='lat' dir='ltr'><strong>et</strong></span> <span class='ocrx_word' id='word_1_222' title='bbox 543 3714 734 3764; x_wconf 77' lang='lat' dir='ltr'><strong>sementeac</strong></span> <span class='ocrx_word' id='word_1_223' title='bbox 752 3722 921 3781; x_wconf 88' lang='lat' dir='ltr'><strong>pomorum</strong></span> <span class='ocrx_word' id='word_1_224' title='bbox 941 3703 1076 3778; x_wconf 83' lang='lat' dir='ltr'><strong>satione,</strong></span> <span class='ocrx_word' id='word_1_225' title='bbox 1097 3705 1167 3784; x_wconf 88' lang='lat' dir='ltr'><strong>qni-</strong></span> 
     </span>
     <span class='ocr_line' id='line_1_30' title="bbox 139 3811 1168 3877; baseline -0.004 -1"><span class='ocrx_word' id='word_1_226' title='bbox 139 3816 199 3877; x_wconf 90' lang='lat' dir='ltr'><strong>bus</strong></span> <span class='ocrx_word' id='word_1_227' title='bbox 219 3816 321 3877; x_wconf 87' lang='lat' dir='ltr'><strong>rebus</strong></span> <span class='ocrx_word' id='word_1_228' title='bbox 344 3815 433 3877; x_wconf 85' lang='lat' dir='ltr'><strong>cibus</strong></span> <span class='ocrx_word' id='word_1_229' title='bbox 453 3814 567 3877; x_wconf 90' lang='lat' dir='ltr'><strong>melior</strong></span> <span class='ocrx_word' id='word_1_230' title='bbox 581 3811 722 3876; x_wconf 84' lang='lat' dir='ltr'><strong>debatur.</strong></span> <span class='ocrx_word' id='word_1_231' title='bbox 735 3812 843 3877; x_wconf 81' lang='lat' dir='ltr'><strong>alnde</strong></span> <span class='ocrx_word' id='word_1_232' title='bbox 867 3813 906 3875; x_wconf 86' lang='lat' dir='ltr'><strong>ad</strong></span> <span class='ocrx_word' id='word_1_233' title='bbox 927 3817 1054 3876; x_wconf 84' lang='lat' dir='ltr'><strong>suavius</strong></span> <span class='ocrx_word' id='word_1_234' title='bbox 1075 3813 1168 3873; x_wconf 85' lang='lat' dir='ltr'><strong>meri·</strong></span> 
     </span>
     <span class='ocr_line' id='line_1_31' title="bbox 138 3928 1169 4010; baseline -0.003 -19"><span class='ocrx_word' id='word_1_235' title='bbox 138 3940 206 3991; x_wconf 85' lang='lat' dir='ltr'><strong>tum</strong></span> <span class='ocrx_word' id='word_1_236' title='bbox 227 3929 349 4009; x_wconf 81' lang='lat' dir='ltr'><strong>pergit,</strong></span> <span class='ocrx_word' id='word_1_237' title='bbox 371 3928 485 3991; x_wconf 83' lang='lat' dir='ltr'><strong>vitium</strong></span> <span class='ocrx_word' id='word_1_238' title='bbox 505 3941 710 3990; x_wconf 87' lang='lat' dir='ltr'><strong>monstratam</strong></span> <span class='ocrx_word' id='word_1_239' title='bbox 733 3950 839 3991; x_wconf 86' lang='lat' dir='ltr'><strong>curam</strong></span> <span class='ocrx_word' id='word_1_240' title='bbox 863 3941 891 3990; x_wconf 94' lang='lat' dir='ltr'><strong>et</strong></span> <span class='ocrx_word' id='word_1_241' title='bbox 912 3928 1021 3988; x_wconf 89' lang='lat' dir='ltr'><strong>vinum</strong></span> <span class='ocrx_word' id='word_1_242' title='bbox 1043 3948 1169 4010; x_wconf 80' lang='lat' dir='ltr'><strong>expres-</strong></span> 
     </span>
     <span class='ocr_line' id='line_1_32' title="bbox 141 4039 1169 4121; baseline 0.001 -20"><span class='ocrx_word' id='word_1_243' title='bbox 141 4061 229 4115; x_wconf 85' lang='lat' dir='ltr'><strong>sum,</strong></span> <span class='ocrx_word' id='word_1_244' title='bbox 258 4041 351 4103; x_wconf 87' lang='lat' dir='ltr'><strong>onius</strong></span> <span class='ocrx_word' id='word_1_245' title='bbox 375 4042 439 4105; x_wconf 81' lang='lat' dir='ltr'><strong>vim</strong></span> <span class='ocrx_word' id='word_1_246' title='bbox 462 4043 690 4105; x_wconf 78' lang='lat' dir='ltr'><strong>exhilarantem</strong></span> <span class='ocrx_word' id='word_1_247' title='bbox 718 4063 804 4103; x_wconf 89' lang='lat' dir='ltr'><strong>nunc</strong></span> <span class='ocrx_word' id='word_1_248' title='bbox 830 4040 897 4121; x_wconf 73' lang='lat' dir='ltr'><strong>per&#39;</strong></span> <span class='ocrx_word' id='word_1_249' title='bbox 912 4039 1027 4120; x_wconf 79' lang='lat' dir='ltr'><strong>gradus</strong></span> <span class='ocrx_word' id='word_1_250' title='bbox 1051 4040 1169 4103; x_wconf 89' lang='lat' dir='ltr'><strong>laudat.</strong></span> 
     </span>
     <span class='ocr_line' id='line_1_33' title="bbox 141 4153 1170 4241; baseline -0.002 -20"><span class='ocrx_word' id='word_1_251' title='bbox 141 4153 306 4215; x_wconf 68' lang='lat' dir='ltr'><strong>P⁰³1r0m⁰</strong></span> <span class='ocrx_word' id='word_1_252' title='bbox 338 4155 599 4241; x_wconf 74' lang='grc' dir='ltr'><strong>συναθροισμῷ,</strong></span> <span class='ocrx_word' id='word_1_253' title='bbox 637 4156 782 4235; x_wconf 73' lang='lat' dir='ltr'><strong>congerie</strong></span> <span class='ocrx_word' id='word_1_254' title='bbox 811 4156 973 4218; x_wconf 88' lang='lat' dir='ltr'><strong>nominum</strong></span> <span class='ocrx_word' id='word_1_255' title='bbox 1002 4159 1170 4236; x_wconf 75' lang='lat' dir='ltr'><strong>praeclara,</strong></span> 
     </span>
    </p>
   </div>
   <div class='ocr_carea' id='block_1_5' title="bbox 864 4268 882 4330">
    <p class='ocr_par' dir='ltr' id='par_1_5' title="bbox 864 4268 882 4330">
     <span class='ocr_line' id='line_1_34' title="bbox 864 4268 882 4330; baseline 0 0"><span class='ocrx_word' id='word_1_256' title='bbox 864 4268 882 4330; x_wconf 81' lang='lat' dir='ltr'>f</span> 
     </span>
    </p>
   </div>
   <div class='ocr_carea' id='block_1_6' title="bbox 0 0 1510 4725">
    <p class='ocr_par' dir='ltr' id='par_1_6' title="bbox 0 0 1510 4725">
     <span class='ocr_line' id='line_1_35' title="bbox 0 0 1510 4725; baseline 0 5"><span class='ocrx_word' id='word_1_257' title='bbox 0 0 1510 4725; x_wconf 95' lang='lat' dir='ltr'><strong> </strong></span> 
     </span>
    </p>
   </div>
  </div>
 </body>
</html>
