3009 4725
324 397 386 454 12⁸
560 379 1102 451 COMltENTAR.1NTtBULL1

324 560 460 625 Amorem,
490 555 559 624 quod
583 557 669 611 denno
691 558 773 612 trlrtia
798 564 825 612 et
852 574 930 628 acper
951 561 1001 625 rit,
1028 567 1056 613 et
1080 560 1238 617 lamentatur
1260 566 1340 620 alian

323 665 463 712 amatorem
488 657 581 712 adeone
604 664 633 711 et
658 657 758 711 Deliam
780 659 880 713 artibna
904 659 1023 724 fallendi,
1050 675 1113 726 quar
1130 660 1187 727 ipre
1211 662 1340 731 docuerit,

322 775 389 815 nnnc
413 764 503 814 eontra
528 773 558 812 aa
580 759 626 812 nti.
667 759 775 827 lamque
798 760 824 812 in
848 759 897 813 hoc
920 776 1015 828 magno
1039 760 1128 813 dolore
1152 775 1201 813 auo
1226 768 1339 819 maxima

321 874 439 927 quamue
456 859 656 913 comminircitur
681 866 709 912 ut
727 867 879 913 coerceatur
897 861 1000 913 llcentia
1023 861 1131 928 puellae.
1176 862 1205 913 ln
1230 879 1337 930 quarum

321 975 409 1013 rernm
425 959 579 1011 tractatione
596 962 714 1010 vereatur
730 965 910 1023 argumentum
928 959 1054 1023 carminis,
1074 959 1146 1026 quod
1166 958 1236 1011 duca
1254 965 1338 1016 maxi·

321 1073 364 1111 me
383 1065 479 1126 parter
501 1054 584 1107 lrabet.
628 1051 748 1104 Primum
774 1052 842 1106 enim
870 1054 1014 1107 custodiam
1042 1072 1160 1110 severam
1189 1059 1335 1113 meditatur.

321 1156 383 1211 Adit
401 1156 486 1209 verita
502 1156 586 1222 iprum
603 1153 722 1206 maritum
741 1160 769 1206 et
793 1152 912 1207 hortatur
936 1170 1011 1219 enm,
1035 1161 1066 1206 nt
1089 1162 1177 1207 cerret
1200 1157 1339 1224 diligenter

320 1270 442 1320 uxorem,
462 1267 528 1319 quae
545 1251 632 1304 multia
651 1249 735 1304 modia
754 1266 813 1305 eum
832 1250 918 1317 fallat,
942 1258 1047 1304 etcum
1066 1252 1185 1304 ineantur
1202 1260 1272 1306 erret
1288 1255 1338 1307 iate

320 1353 397 1407 homo
415 1358 443 1405 et
458 1352 541 1418 impar
559 1350 691 1404 videretur
708 1350 768 1405 irulc
787 1351 937 1416 custodiae,
966 1366 1039 1404 ruam
1061 1352 1145 1420 ipsius
1162 1368 1237 1421 opem
1259 1354 1285 1406 iu
1306 1371 1338 1408 aa

319 1471 349 1510 re
365 1454 455 1509 offert:
483 1451 580 1505 latetur
597 1452 690 1504 marito
713 1452 826 1518 ingenue
844 1458 958 1506 structae
979 1469 1058 1522 caepe
1080 1454 1186 1508 incidiae
1210 1462 1238 1508 et
1263 1457 1337 1508 elan·

320 1554 449 1608 dertinum
470 1565 546 1606 naum
564 1551 683 1618 puellae,
708 1557 738 1602 ut
761 1566 838 1617 quam
856 1549 899 1604 lric
919 1552 1007 1606 videat
1024 1552 1138 1607 fallacias
1155 1556 1244 1608 uxoria
1261 1572 1338 1610 nome

320 1669 419 1718 omnen,
436 1651 462 1705 el
478 1665 511 1703 ne
529 1648 630 1701 dubitet
646 1650 809 1701 committere
826 1648 971 1702 custodiam
985 1651 1094 1704 feminae
1112 1652 1237 1706 ambobus
1254 1669 1337 1720 caree,

319 1754 342 1807 el
359 1751 437 1805 modo
454 1750 497 1802 alti
516 1762 606 1800 omnen
623 1746 662 1798 nic
680 1745 852 1798 excludantur
869 1753 994 1800 amanter.
1037 1750 1172 1814 nterim,
1196 1751 1250 1815 air,
1278 1745 1337 1804 nnio

319 1851 454 1923 probabile
461 1853 528 1916 ‚erat
544 1845 672 1899 iacturum
690 1847 811 1900 maritum
828 1844 899 1915 qaod
919 1851 1019 1914 cogitat
1034 1848 1175 1903 Tibullnri
1211 1850 1338 1903 Nimirum

319 1964 453 2006 rcraamnr
469 1950 496 2002 in
514 1947 602 2015 poeni,
626 1952 654 1998 et
671 1949 806 2013 quaeritur
822 1953 883 2002 ante
901 1950 986 2002 omnia
1006 1950 1068 2016 quid
1086 1952 1196 2004 amantia
1213 1952 1339 2004 anxietati

291 2086 297 2094 ·
319 2050 462 2106 conveniat
498 2048 577 2114 Atqui
594 2047 715 2101 Tibullus
731 2050 843 2117 primum
867 2056 973 2118 apertur
994 2057 1094 2103 amator
1111 2051 1218 2115 Deltae,
1243 2050 1338 2105 deiude

320 2156 380 2221 port
397 2147 500 2219 nuptias
518 2145 708 2210 clandestinae,
731 2161 799 2198 nnnc
816 2160 911 2198 aornar
928 2146 1034 2199 rivalem
1053 2146 1161 2210 nactna',
1179 2148 1249 2212 qnod
1268 2163 1338 2200 eem-

320 2265 368 2319 per
385 2245 547 2301 intolerabile
568 2246 592 2298 ei
611 2245 659 2298 luit
675 2244 701 2298 in
721 2244 771 2298 hoc
788 2260 891 2309 amore,
916 2245 1019 2312 tandem
1038 2245 1129 2298 ultima
1147 2252 1230 2298 tentat
1245 2254 1276 2300 et
1293 2263 1337 2301 re·

320 2362 406 2417 reram
424 2344 566 2402 cnatodiam
590 2343 744 2411 imaginatur
769 2343 809 2395 vel
829 2356 887 2396 curn
911 2342 1003 2396 marito
1022 2344 1044 2396 ri
1065 2344 1122 2396 fieri
1140 2346 1222 2413 possit
1240 2358 1337 2400 curan-

319 2451 387 2504 dam.
431 2446 525 2515 Neque
552 2452 637 2497 tamen
665 2458 757 2497 revera
784 2443 839 2496 adit
865 2445 985 2496 maritum
1014 2451 1041 2496 et
1066 2449 1158 2511 rogat3
1187 2451 1248 2496 runt
1273 2442 1337 2498 haec

319 2549 465 2601 commenta
490 2542 621 2597 viridioris
647 2540 813 2611 phantaaiae,
842 2546 870 2595 et
896 2542 991 2594 amorio
1018 2549 1046 2595 et
1072 2542 1220 2610 zelotypiae
1247 2545 1338 2611 quovis

320 2646 398 2702 modo
431 2645 524 2698 rivalea
551 2638 689 2711 prohibere
719 2640 852 2704 conantis,
888 2644 948 2691 runt
978 2641 1062 2693 minae
1095 2641 1215 2709 poeticae
1248 2641 1338 2694 Deliae

318 2745 447 2813 scriptae,
473 2739 660 2810 propemodum
681 2744 773 2807 parato
791 2737 824 2790 ad
850 2742 966 2791 extrema
984 2745 1114 2806 amatore,
1141 2739 1189 2792 aiei
1209 2739 1242 2791 ad
1260 2739 1338 2793 fidem

319 2846 406 2917 puella
429 2842 527 2895 redeat.
564 2839 651 2905 Atque
669 2837 733 2891 llaec
751 2837 855 2905 quidem
878 2840 960 2907 prima
978 2854 1038 2907 para
1056 2847 1111 2904 eot3
1139 2839 1287 2893 accedimus
1303 2837 1337 2891 ad

320 2940 472 2998 secandam.
509 2935 605 2990 Narrat
629 2940 708 3004 poeta
730 2936 757 2987 ln
777 2918 945 3000 sequentibus
963 2938 1042 2990 etlam
1060 2939 1143 3005 iprum
1161 2940 1280 2990 Amorem
1300 2940 1337 2990 ita

320 3045 375 3098 lieri
401 3041 507 3103 inbere;
541 3034 659 3089 conculta
683 3031 821 3085 sacerdote
847 3032 989 3101 Bellonae,
1016 3035 1092 3088 onina
1117 3035 1249 3101 reiigionie
1273 3036 1337 3087 ritua

320 3142 449 3196 terribiles
466 3135 605 3200 deacribit,
634 3148 787 3202 reaponrnm
810 3133 860 3186 albi
886 3135 989 3200 datum,
1015 3135 1103 3205 inopia
1126 3137 1214 3188 atatim
1240 3151 1337 3204 poenae

320 3244 454 3305 daturum,
479 3235 595 3304 quiaquia
613 3216 713 3285 Deliam
731 3233 892 3300 corruperit,
916 3240 995 3300 atque
1012 3234 1064 3286 alia
1081 3233 1149 3285 mala
1168 3233 1271 3301 puellae
1288 3233 1337 3284 de·

320 3346 424 3397 atinate.
466 3336 566 3390 Tamen
594 3330 654 3385 huic
679 3331 763 3384 ierem
792 3346 901 3400 poenam
929 3340 1064 3400 precatur;
1091 3347 1244 3399 quamquam
1269 3333 1337 3383 enim

319 3444 377 3511 ipra
394 3439 486 3494 merita
503 3435 538 3489 eit
555 3434 619 3488 iram
636 3446 723 3497 mam,
747 3430 912 3487 nihilominur
929 3440 1037 3502 propter
1053 3440 1163 3486 matrem
1185 3448 1214 3484 sa
1231 3432 1255 3484 ei
1274 3447 1339 3498 par-

320 3553 381 3591 cere
404 3537 456 3600 uit,
481 3533 555 3587 cnlua
573 3532 658 3586 officia
680 3530 749 3585 bona
773 3529 866 3583 deinde
883 3532 994 3585 maxime
1012 3531 1114 3597 laudat,
1139 3533 1215 3585 aimnl
1232 3529 1339 3583 hortans

321 3643 350 3691 ut
368 3635 401 3688 ad
419 3633 563 3686 caetitatem
581 3634 660 3685 liliam
678 3637 792 3685 revocet·
828 3633 929 3689 Quodsi
946 3631 1012 3686 haec
1030 3637 1102 3685 carta
1119 3633 1167 3697 rit,
1192 3631 1271 3683 etiam
1288 3629 1339 3682 cibi
1432 3680 1442 3699 ,

322 3736 400 3788 dnrar
423 3731 548 3785 caetitatia
572 3732 646 3797 leger
669 3730 778 3798 imponit
800 3735 828 3782 et
851 3744 956 3783 eererae
974 3747 1072 3799 poenae
1090 3732 1130 3784 rel
1148 3732 1174 3782 in
1191 3729 1339 3798 curpicione

321 3837 386 3891 talea
403 3832 534 3898 decernit,
551 3830 585 3884 ab
602 3838 687 3883 amata
705 3844 768 3883 vero
786 3830 865 3882 intas
883 3845 973 3882 manna
990 3828 1165 3883 cohibiturum
1183 3843 1213 3882 ae
1226 3827 1340 3896 promit·

322 3937 370 4002 tit,
393 3951 426 3988 nc
451 3939 522 3987 metu
547 3933 593 3983 sed
617 3946 705 3983 amore
728 3930 781 3983 tida
803 3931 846 3982 eit
889 3931 924 3982 At
946 3945 1013 3997 qnae
1032 3931 1096 3983 nulli
1120 3929 1199 3981 iidem
1218 3928 1340 3990 certarit,

322 4036 423 4103 pergit,
441 4048 499 4086 earn
517 4033 542 4083 iu
561 4035 695 4083 senectute
713 4030 932 4083 miserrimarum
950 4035 1052 4094 manet3
1081 4033 1213 4080 contemta
1231 4042 1246 4078 a
1265 4026 1341 4077 iare·

323 4131 398 4183 albus
416 4130 519 4196 cogitur
537 4131 593 4180 lana
618 4127 736 4181 facienda
759 4126 838 4182 rltam
863 4141 972 4194 egenam
996 4133 1158 4192 aduentare,
1186 4140 1238 4195 qna
1256 4138 1342 4193 poena
