3009 4725
451 261 563 326 LIBR.
585 266 641 326 Ill.
682 267 804 330 ELEG.
827 270 868 331 11.
911 273 966 334 lll.
1156 285 1215 339 331

197 445 305 509 ereptae
323 453 402 490 canan
425 436 512 505 perire
536 435 600 490 tutte
622 441 743 493 nouerit
763 441 832 508 quod
851 442 1034 512 reprehendar.
1071 446 1148 503 Nunc
1165 465 1215 504 au-

198 545 251 590 tem
270 537 372 589 Neaera
391 534 495 587 iubetur
513 550 572 587 eum
591 551 690 604 ponere
708 544 737 589 et
754 538 812 606 ipaa
830 557 860 594 ae
880 543 983 610 publice
1002 562 1105 601 caueam
1126 549 1215 603 dicere

198 638 304 700 mortis,
329 636 408 687 etiam
425 636 528 687 nomine
545 634 649 701 addito,
675 637 745 703 quod
764 640 821 707 ipre
837 642 910 696 rideo
929 661 1006 711 otram
1024 649 1060 700 rit
1077 648 1217 704 infeliciter

199 743 225 788 et
243 734 423 802 imprudenter
440 735 627 800 excogitatum.
665 736 778 789 Volebat
796 747 874 805 poete
892 758 1016 796 revocare
1034 744 1162 799 Neaeram
1180 748 1216 800 ad

198 851 227 886 ae
254 841 281 886 et
306 835 439 887 deterrere
465 836 498 885 ab
523 837 588 900 isto,
614 836 684 902 quod
702 838 891 908 meditabatur,
916 846 1053 912 coniugiop
1081 847 1127 899 aed
1146 849 1216 916 quod

198 934 271 999 agit,
301 935 338 986 itu
362 942 540 1003 comparatum
565 942 622 1000 est,
649 944 748 992 utnon
769 945 884 1008 potuerit
901 960 954 998 nou
972 949 1057 1014 magia
1075 949 1216 1004 nbalieneri

199 1034 256 1086 elur
278 1035 385 1087 animur.
421 1035 528 1088 Notavit
546 1050 600 1086 rem
619 1034 696 1088 etiam
715 1038 842 1092 Voasrua.

538 1310 881 1344 *

461 1596 798 1671 ELEGIA
874 1599 945 1671 ΙΙΙ.

606 1873 815 1887 ψ

557 2067 865 2135 INTRODUCTIO.

199 2303 334 2392 Carmen
367 2331 528 2402 propositum
558 2332 587 2381 et
619 2331 739 2395 quartum
772 2328 885 2382 maxime
912 2327 1064 2398 imperfecta
1096 2335 1156 2382 sunt
1191 2331 1217 2383 in

201 2430 251 2484 lroc
273 2434 348 2486 libro.
389 2431 468 2483 Initio
493 2429 611 2496 queritur
636 2435 713 2497 poete
737 2429 823 2495 quod,
850 2446 908 2481 cum
933 2437 973 2482 tot
996 2438 1057 2484 vota
1081 2430 1175 2486 iecerit
1193 2441 1221 2485 et

202 2540 259 2587 lura
281 2532 375 2585 blanda
392 2531 494 2584 dederit
512 2531 577 2595 diis,
604 2546 655 2583 nou
681 2546 760 2598 opum
786 2537 814 2583 et
835 2530 980 2584 divitiarum
1004 2549 1098 2599 causa,
1125 2535 1221 2588 redut

200 2649 259 2686 cum
288 2632 389 2684 Neaera
418 2632 496 2683 vitam
527 2631 671 2694 transigere
700 2630 777 2681 liceat
811 2630 837 2680 in
865 2630 973 2695 eiusque
1000 2632 1058 2681 sinu
1087 2637 1219 2698 postremo

200 2734 282 2798 mori,
309 2730 370 2784 nihil
394 2733 493 2799 prosint
517 2728 581 2782 haee
609 2731 702 2782 omnin.
739 2728 806 2782 Nam
832 2728 934 2781 divitias
958 2728 1077 2794 quidem,
1108 2744 1218 2794 quarum

202 2833 325 2900 pleraque
344 2845 442 2897 genera
459 2835 602 2894 enumerat,
620 2845 671 2881 uon
691 2829 842 2882 lelicitutem
861 2829 955 2881 afferre
974 2827 1022 2881 aed
1040 2827 1171 2892 invidiam,
1190 2846 1220 2883 ae

200 2935 380 3000 paupertatem
398 2944 456 2981 cum
471 2927 575 2980 Neaera
593 2944 711 2981 securam
731 2929 863 2998 praeferre
882 2928 975 2997 opibus
993 2926 1121 2991 omnibus,
1141 2934 1219 2994 utque

200 3037 322 3098 precatur
345 3034 375 3080 ut
400 3027 488 3079 rident
513 3026 585 3080 illum
610 3026 694 3092 diem,
721 3044 774 3095 qno
800 3030 886 3098 puella
904 3028 953 3080 albi
973 3026 1103 3080 reddetur.
1141 3028 1176 3079 dt
1197 3029 1220 3081 ai

199 3146 251 3183 uon
271 3130 359 3183 audiat
383 3129 447 3182 dena
471 3136 548 3194 vota,
577 3131 680 3197 pergit,
709 3131 787 3183 etiam
815 3145 880 3199 oper
907 3145 957 3181 uon
977 3128 1065 3180 iuvent
1083 3128 1220 3193 maximae,

199 3231 348 3298 coniugium
367 3246 487 3284 aecurum
507 3235 609 3282 amalae
629 3231 707 3299 cupio
726 3247 842 3300 paupere
861 3231 924 3282 licet
941 3232 1023 3282 cultu.
1061 3227 1139 3283 Quod
1160 3244 1220 3296 pre-

198 3338 273 3384 cntur
290 3330 414 3382 lunonem
433 3335 460 3380 et
479 3329 608 3381 Venerem
627 3336 658 3379 ut
676 3329 825 3380 concilient.
862 3329 917 3379 Aut
943 3329 965 3380 ai
991 3328 1045 3380 lota
1063 3337 1161 3396 negent
1178 3344 1220 3381 re·

197 3431 280 3483 ditum
305 3431 422 3498 puellae,
449 3429 536 3480 Orcus
562 3430 592 3475 ut
617 3430 695 3475 vocet
719 3431 795 3494 optat
820 3424 960 3479 dolentem.
998 3427 1071 3481 Haec
1089 3426 1221 3481 hactenus.

197 3532 278 3584 l'ider
296 3532 358 3599 quid
378 3532 450 3584 velit.
488 3528 593 3581 Neaera
610 3526 723 3592 coniuge
744 3543 823 3595 porse
847 3528 898 3580 lrui
924 3545 1050 3583 summum
1075 3532 1100 3582 ei
1125 3529 1219 3581 bonum

198 3627 300 3679 videtur
319 3630 414 3696 opibus
432 3627 554 3681 meximis
573 3622 796 3693 posthabendum,
814 3625 884 3692 quod
901 3631 968 3680 votis
987 3628 1103 3695 plurimia
1122 3625 1221 3692 expetit

200 3728 228 3773 et
247 3724 296 3774 nisi
316 3735 508 3792 consequatur,
527 3726 596 3778 vitae
614 3722 770 3791 deprecatur
789 3742 890 3779 munna.
927 3726 1056 3777 Dividitur
1072 3730 1159 3776 eutem
1178 3729 1220 3775 tc·

199 3826 254 3872 tum
272 3821 405 3877 dunbua
424 3828 599 3895 partibus,
616 3831 740 3893 quantum
755 3829 859 3898 quidem
874 3827 899 3877 in
911 3828 957 3878 tali
969 3827 1081 3878 carmine
1094 3825 1221 3877 alfirmaro

199 3917 270 3970 licet.
306 3918 454 3976 Exordium
471 3925 611 3981 discretum
626 3942 678 3980 uon
696 3929 787 4004 adest,
812 3928 859 3989 red
878 3926 995 3978 decurrit
1014 3942 1071 3976 una
1084 3925 1221 3995 perpetui-

199 4027 353 4069 terrerum
378 4020 414 4073 ub
440 4021 519 4074 initio
542 4024 580 4075 ad
598 4046 623 4077 v.
641 4029 686 4082 26.
714 4031 768 4097 illle
793 4046 887 4099 penali:
916 4041 968 4080 lton
994 4023 1097 4077 divitica
1121 4039 1222 4093 precor,
