3009 4725
588 413 776 482 TlBULLl.
1060 437 1190 481 onxxxv

167 585 350 651 Tibulliono
372 582 433 663 Ν,
452 588 489 662 2,
512 586 562 646 11.
595 584 657 647 Uri
675 603 727 646 ssu
746 615 791 632 -
813 584 877 648 Urit
899 603 959 650 aas.
1005 581 1101 663 Quot
1128 586 1192 650 Ba·

168 701 256 766 ebius
278 710 384 766 censet
405 696 527 782 ubique
547 717 597 760 aso
611 731 656 746 -
668 717 720 760 nso
740 719 760 759 a
773 697 904 763 Tibullo
921 695 1052 780 lictum,
1072 701 1193 766 nullent

168 813 315 880 idoneam
342 831 471 877 eausam
499 808 572 874 talis
601 811 727 891 regulae
758 823 908 893 exputat,
941 833 1001 878 nec
1030 834 1106 878 vera
1132 834 1194 878 res.

169 930 273 992 Porro
294 936 461 1008 corruptus
484 924 572 989 visus
589 924 683 987 loeus
706 923 762 1004 tv,
783 932 814 1000 7,
835 931 866 986 3.
892 926 939 991 Na
958 926 1035 1005 legat
1058 927 1091 990 id
1114 948 1194 989 nono

171 1038 251 1101 niibi
272 1058 339 1101 non
357 1035 484 1102 vitlem
503 1033 683 1100 mutandus.
725 1035 829 1100 Etiam
849 1036 977 1101 omissio
996 1039 1195 1122 pronominis

174 1153 278 1233 nliqsu‘s
298 1150 329 1228 Ι,
348 1156 384 1228 6,
404 1155 456 1213 63.
476 1146 604 1213 defendi
626 1169 719 1232 ponae
741 1147 884 1228 videtur,
913 1161 1024 1234 utpote
1042 1152 1076 1214 in
1098 1150 1195 1214 alacri

167 1264 329 1327 schemate
350 1262 493 1328 admiasa.
543 1261 681 1329 Snavem
702 1261 860 1347 quondm
881 1284 974 1328 usum
994 1265 1117 1329 relativi
1138 1287 1195 1328 ex·

172 1375 269 1460 plicui
293 1376 333 1440 ad
356 1377 402 1457 Π,
424 1382 461 1456 3,
482 1375 538 1439 43.
587 1375 673 1441 Nota
692 1397 770 1441 vero
794 1376 921 1443 omissio
941 1380 1139 1461 pronominis
1160 1379 1194 1442 in

173 1491 287 1554 talibus
310 1492 335 1570 l,
357 1498 388 1567 3,
408 1497 465 1554 32:
490 1496 539 1552 cut
557 1488 755 1571 lmiosuleast
770 1491 833 1554 Oro
852 1512 902 1555 neo
922 1494 1069 1576 waplam
1091 1515 1197 1578 aspera

173 1605 361 1667 somma
390 1604 1197 1685 lV‚2,17:Solnpudlanon‹liganost,cuinwllia

174 1724 254 1782 cant
271 1719 381 1782 Vellera
409 1720 458 1782 dd
484 1724 574 1782 aucei
603 1719 646 1780 bis
672 1717 842 1800 madefacta
863 1720 967 1803 Tyros,
994 1721 1198 1805 Poenumque

176 1841 238 1894 cet.
286 1829 403 1892 Miram
428 1830 584 1913 quioniam
605 1831 763 1894 Huscbl'tii
788 1831 985 1913 opinionem,
1015 1853 1083 1895 non
1104 1853 1198 1916 posse

178 1943 326 2024 copulam
348 1962 418 2005 eum
440 1941 571 2009 relativo
590 1942 696 2024 iungi,
725 1942 863 2005 refutavi
890 1941 931 2005 nd
952 1945 985 2023 Ι,
1006 1949 1041 2023 6,
1062 1944 1115 2007 to.
1157 1943 1200 2005 At

176 2055 430 2119 coniunctionem
454 2055 680 2139 ptunominum
703 2055 908 2119 relativorum
934 2053 968 2117 in
994 2051 1104 2118 endem
1128 2074 1200 2118 sen·

174 2170 275 2233 tentia
305 2190 373 2234 non
407 2167 533 2234 admisit
563 2171 646 2235 banc
677 2167 763 2252 apud
795 2167 874 2233 alios
904 2170 1017 2232 lentam
1050 2180 1083 2232 et
1114 2165 1200 2250 apud

177 2281 373 2366 Lygdamum
392 2284 449 2364 111,
469 2289 499 2364 6,
516 2288 576 2348 23:
603 2284 710 2368 Quales
729 2284 774 2346 ltis
790 2303 897 2369 pomos
917 2284 1011 2368 qualia
1023 2293 1201 2369 pannusque

177 2402 311 2477 minnist,
339 2399 488 2465 Cadmeae
512 2400 613 2460 matut
637 2397 754 2480 proedo
778 2409 896 2462 cnam
920 2398 1012 2462 δοιά.
1060 2395 1202 2479 Simplici

181 2530 258 2572 vero
281 2511 466 2592 pronomina
491 2511 592 2577 uetur
613 2509 725 2573 Albius
752 2511 785 2589 1,
807 2518 838 2589 7,
860 2514 912 2574 13.
952 2509 1106 2573 Notamns
1130 2509 1201 2572 alin.

180 2623 302 2684 Plurali
327 2644 377 2704 pr.
398 2623 546 2704 singulari
572 2622 731 2687 rarissime
756 2625 874 2703 utitur3
903 2623 948 2685 sie
972 2644 1047 2687 vero
1069 2624 1206 2706 nummi

179 2740 212 2819 l,
239 2748 267 2818 7,
291 2746 321 2803 5.
356 2741 404 2818 Π,
426 2745 462 2818 1,
483 2745 540 2821 33,
575 2741 669 2804 morbi
696 2737 755 2811 lv,
776 2740 835 2817 11,
873 2749 991 2800 omaus
1012 2739 1043 2815 Ι,
1063 2742 1118 2817 10,
1141 2745 1202 2818 62,

178 2852 287 2914 redint
306 2853 337 2925 l,
359 2858 397 2932 3,
417 2856 472 2933 13,
491 2858 621 2936 atropatus
641 2849 759 2934 pedum
783 2851 815 2929 Ι,
834 2855 872 2929 6,
894 2855 953 2930 62,
982 2849 1142 2911 ωηωόἰιω
1162 2849 1203 2923 11,

49 3038 53 3045 .
181 2969 220 3044 5,
243 2971 296 3029 53.
348 2963 460 3029 Certus
489 2963 616 3028 videtur
643 2964 794 3028 transitus
822 2985 842 3026 a
870 2961 988 3045 plurali
1016 2957 1203 3024 substantivi

180 3077 222 3143 ad
246 3079 434 3162 singularem
462 3081 494 3159 1,
515 3085 552 3159 6,
574 3082 629 3142 55.
650 3082 718 3159 66,
752 3077 842 3142 iatisu
868 3076 931 3139 loci
959 3071 1076 3137 rationi
1101 3083 1203 3154 aptus.

182 3193 365 3258 Subiectum
385 3195 536 3259 reieotum
554 3193 590 3256 in
606 3193 771 3258 relativam
789 3188 1037 3257 enuntiationem
1054 3186 1126 3253 vide
1146 3186 1205 3264 tv,

182 3308 214 3391 4,
234 3311 265 3367 9.
285 3313 334 3370 10.
374 3305 464 3371 Idem
484 3307 621 3389 potitum
644 3317 717 3389 post
736 3327 773 3368 ns
797 3305 870 3383 Ι,6“,
887 3309 955 3380 13.,
988 3312 1061 3383 post
1081 3312 1113 3363 ut
1132 3300 1158 3376 l,
1176 3304 1206 3379 1,

184 3424 236 3482 18.
279 3418 420 3500 Simplex
441 3432 473 3482 et
493 3440 585 3483 rarus
614 3417 699 3502 apud
719 3418 849 3481 Albium
875 3418 1085 3481 ablatisorum
1111 3415 1205 3477 abso-

182 3535 322 3595 lutorum
349 3554 441 3612 usna,
470 3545 508 3597 ut
527 3533 560 3610 1,
582 3539 618 3613 1,
639 3539 692 3597 12.
717 3553 790 3596 cnm
811 3537 920 3615 omits,
952 3530 978 3610 1,
1000 3535 1030 3608 6,
1049 3530 1104 3593 lin.
1128 3549 1206 3591 sana

181 3667 282 3724 cusa,
303 3647 339 3709 in
359 3666 425 3728 qno
445 3649 581 3710 multum
598 3645 659 3709 sibi
676 3643 809 3707 indulsit
820 3643 1025 3727 Propontins,
1048 3644 1087 3706 cf.
1103 3639 1207 3703 Laeb-

184 3774 291 3822 mann.
309 3754 350 3819 nd
371 3756 517 3839 Propere
539 3780 572 3841 p.
583 3765 637 3822 20.
677 3757 728 3820 De
750 3757 828 3821 loco-
843 3756 901 3834 lv,
921 3762 940 3816 8
947 3800 956 3832 ‚
975 3761 1006 3817 6.
1029 3736 1105 3815 illue
1124 3747 1208 3826 vida,

185 3881 215 3931 et
238 3873 503 3935 constructionem
524 3873 740 3955 concubtbsaquc
762 3882 825 3933 usos
838 3867 944 3951 sui-nbi
965 3864 1006 3928 ad
1028 3865 1077 3943 ll,
1098 3866 1136 3939 5,
1155 3866 1209 3925 63.

181 3981 381 4051 Adiectivum
407 4006 457 4067 pr.
479 3985 649 4059 adverbio,
678 3997 715 4047 ut
743 3980 869 4062 dieunt,
902 3978 1068 4064 aliquoties
1094 3974 1209 4059 posuit,

182 4096 223 4157 cl.
243 4097 276 4168 1,
295 4099 331 4175 4,
351 4099 404 4161 34.
433 4100 489 4179 lv,
511 4102 547 4177 1,
570 4104 620 4160 19.
642 4110 672 4159 et
695 4095 735 4158 ad
757 4103 793 4171 6,
813 4099 864 4160 ts.
884 4091 961 4157 ibid.
1005 4087 1209 4155 coniunctio·
