3009 4725
502 437 613 506 uror.
633 439 660 503 r.
701 436 824 504 nuuc.
844 440 872 506 r.
947 477 957 496 .
1156 454 1196 510 rs
1237 399 1241 407 ’

174 624 254 690 situs,
272 632 302 679 ut
318 620 445 678 'l'erulut
480 620 527 677 sic
545 620 692 676 mutibus
710 621 769 674 eliis
785 621 928 675 home.
945 613 968 685 l,
983 620 1029 678 10,
1045 621 1089 674 tt.
1108 618 1197 675 decer·

174 732 220 775 tae
245 720 353 776 ardores
376 719 513 786 dicuntur,
537 725 565 773 ei
589 720 711 789 lprpaatar
736 713 816 788 cipiet
841 717 949 771 Mosen.
966 716 1014 782 ΠΙ,
1032 722 1077 773 21.
1121 718 1197 775 Adde

172 836 249 887 nero,
276 819 346 889 quod
371 817 436 873 rldit
459 818 538 871 etiem
563 816 694 880 Vossrus,
719 830 812 870 rocem
829 805 896 869 nuni:
916 818 1013 886 opponi
1036 817 1136 872 rerbln
1162 820 1195 873 ln

170 923 310 987 triviis,
333 919 463 987 ireqtnmi
480 918 559 981 loco;
580 915 663 969 triviis
680 916 764 981 enim,
790 914 824 969 de
849 931 958 985 quorum
977 917 1114 971 melitite
1131 931 1196 972 cou-

169 1029 240 1088 niri,
262 1021 340 1075 dmul
358 1018 531 1088 frequentium
549 1018 665 1071 locorum
684 1016 757 1069 uotio
773 1016 851 1069 tuest
892 1015 1026 1070 liniemus
1043 1015 1123 1084 igitur
1142 1017 1194 1071 lte·

171 1139 230 1177 rum
248 1122 438 1194 oppositionem
458 1118 663 1190 praedicatorum
681 1131 818 1170 cenosam
835 1118 862 1170 iu
879 1113 920 1170 his
937 1117 1059 1171 membris
1074 1117 1194 1174 deutoro

171 1223 287 1289 Tibulli,
306 1237 384 1291 queur
404 1222 448 1290 qui
465 1220 545 1274 semel
563 1219 713 1289 perspexit,
737 1221 818 1300 multe
836 1225 924 1290 potest
940 1221 967 1275 iu
982 1219 1022 1276 hls
1039 1222 1193 1277 ccrmlulbus
1228 1219 1234 1230 '

169 1323 320 1376 uecurctius
336 1320 509 1390 iuterpretsrl.
544 1319 628 1373 Porro
643 1325 742 1374 retus
759 1321 826 1390 lepis
837 1319 937 1384 dicitur,
955 1293 1014 1376 cunr
1027 1323 1093 1377 oles
1105 1332 1193 1377 essem

168 1419 195 1474 hi
213 1421 297 1487 secrl3
322 1427 351 1474 st
368 1420 472 1491 stipites
489 1435 550 1474 cum
573 1425 753 1489 putrescerent
770 1421 796 1475 ni
813 1421 897 1487 uiris,
922 1420 1031 1476 subinde
1047 1422 1108 1476 nori
1128 1421 1191 1477 sub-

168 1521 292 1575 stitueudl
309 1527 390 1574 eruut.
426 1519 483 1573 lum
508 1517 569 1572 vide
590 1534 694 1572 seucum
719 1519 802 1572 totlus
826 1520 892 1572 locle
916 1518 979 1571 Sive
1000 1518 1030 1572 in
1049 1517 1193 1594 frequenti

170 1620 270 1673 sivein
286 1619 453 1692 infrequenti
470 1619 528 1672 loco
546 1635 569 1674 s.
586 1616 737 1690 ubicunque
755 1617 874 1688 stipitem
890 1625 918 1668 et
936 1617 1052 1688 lapidem
1069 1617 1100 1672 s'n
1116 1618 1192 1692 agris

170 1718 249 1773 videa
272 1719 354 1773 tertie
376 1728 519 1788 ansatum,
547 1728 581 1772 ut
604 1728 739 1789 appareat
755 1735 864 1770 sacrum
880 1735 941 1769 euni
956 1733 1028 1776 esee,
1050 1717 1147 1772 accedo
1162 1726 1192 1771 et

172 1816 271 1877 adoro,
292 1834 447 1875 reueror.
482 1820 645 1876 Huscunus
663 1825 796 1890 comperet
814 1818 930 1874 Lucrcrr.
948 1815 1087 1873 Alexandr.
1100 1835 1129 1874 c.
1146 1822 1192 1874 to.

170 1915 276 1986 Bipottt.
294 1916 371 1970 Tour.
389 1917 430 1971 Vc
460 1920 483 1970 ci
501 1913 578 1980 adeor
595 1913 768 1988 ἀληλιμμένον
787 1935 838 1968 που
857 1916 934 1968 iiiior
951 1907 968 1985 ἢ
986 1918 1189 1982 lantqueeraleor

171 2011 308 2076 θεάσαιτο,
327 2021 493 2087 npocninrur
507 2014 548 2070 a’rl
566 2021 611 2069 sui
626 2017 784 2088 reposcentis,
802 2015 848 2069 ubl
866 2014 925 2069 vide
942 2014 993 2068 alit
1010 2013 1081 2085 opud
1098 2015 1188 2070 Sou-

169 2133 238 2172 rrurt.
274 2118 323 2172 Est
345 2125 431 2173 tumen
453 2117 488 2174 lbi
507 2135 551 2173 rcs
568 2118 742 2189 superstitiosi
758 2116 876 2172 homnis.
894 2144 927 2158 -
955 2116 988 2172 V.
1008 2119 1042 2170 lt
1059 2132 1115 2184 sqq.
1134 2130 1189 2170 uo·

167 2235 227 2274 vus
250 2236 371 2288 sunus,
398 2220 422 2277 h.
441 2237 465 2276 e.
489 2237 559 2275 noro
575 2235 679 2289 quoque
696 2235 765 2273 euno
781 2217 881 2272 honoro
898 2216 975 2273 deum
992 2216 1112 2288 primitiis
1130 2215 1187 2271 iru-

169 2324 265 2375 ctuuru.
286 2349 322 2359 -
352 2320 478 2374 educet
503 2318 627 2388 seleutius
650 2317 758 2373 verbum
781 2333 820 2388 pr.
843 2318 925 2373 nutrit
952 2323 979 2372 et
1006 2320 1127 2371 metunt.
1152 2340 1189 2356 -

169 2418 399 2485 quodcunque
418 2434 562 2487 pomum,
586 2416 611 2471 lt.
630 2433 654 2472 e.
672 2417 791 2485 quodcuu
810 2433 845 2472 ue
861 2433 944 2486 genus
961 2433 1096 2488 pomorum
1114 2415 1190 2486 poul-

170 2524 214 2568 tur
225 2516 331 2568 Silreuc
347 2513 470 2583 libatum,
488 2532 522 2570 ex
540 2522 615 2586 perte
631 2517 737 2570 selecto.
800 2532 842 2569 eur
856 2516 963 2570 libatum
980 2516 1078 2586 aliquid
1095 2515 1190 2571 efferre

169 2618 213 2667 est
237 2613 332 2667 offerre
357 2614 427 2681 quod
451 2615 571 2669 libaveris
588 2625 616 2672 et
634 2616 795 2687 decerpseris
813 2632 829 2670 e
846 2620 911 2669 toto.
953 2615 1037 2671 Porro
1054 2614 1190 2688 agricolae

169 2714 249 2768 deum
269 2715 390 2770 codicum
416 2724 456 2771 est
479 2718 573 2785 lectio,
601 2718 648 2773 sed
674 2721 812 2786 corruptor
834 2714 932 2781 siquis
950 2715 1018 2768 euim
1036 2713 1125 2769 credrt
1141 2729 1190 2784 per

166 2817 432 2886 circumscriptionem
455 2817 590 2871 Silrcuum
617 2832 685 2870 nuuc
708 2813 881 2883 agricolarum
902 2809 979 2865 deuru
1000 2809 1113 2875 dictum,
1140 2812 1189 2865 sd-

166 2917 273 2970 modum
290 2917 386 2970 ieluuiu
403 2917 438 2970 sit
455 2917 516 2971 telis
533 2915 747 2985 circumscriptio.
783 2909 862 2968 chd
880 2909 958 2964 dubie
979 2909 1021 2962 nel
1042 2905 1189 2978 agricolam

168 3017 258 3076 deum,
284 3020 326 3070 rel
344 3015 479 3088 agricolae
498 3015 547 3070 deo
563 3016 711 3085 legendum.
755 3012 894 3067 Videbltur
909 3009 1011 3064 delirus
1027 3003 1188 3072 exquisitior.

167 3116 213 3168 Sic
228 3122 308 3169 tute
326 3115 509 3170 adverbialiter
526 3112 638 3180 dictum,
657 3121 703 3167 eut
720 3129 784 3182 pros
801 3117 939 3179 euuquu
954 3106 1012 3176 lpse
1029 3108 1142 3172 wien,
1159 3107 1189 3155 ¹¹²

167 3214 344 3267 Censorinus
362 3212 395 3268 de
413 3215 446 3266 D.
464 3213 525 3266 Not.
544 3226 569 3265 c.
589 3215 615 3266 l.
632 3212 694 3266 dicit
712 3211 745 3265 de
765 3210 918 3265 maioribuse
941 3222 1002 3257 curn
1014 3208 1188 3273 perceperant

159 3312 281 3385 fruger,
306 3324 452 3387 antequam
470 3321 655 3379 vescerentur,
682 3311 724 3365 dis
742 3311 826 3365 libare
842 3309 1032 3363 instituerunt.
1077 3299 1190 3356 Volebti

164 3415 202 3468 ite
221 3414 353 3467 Hermus
374 3421 401 3467 et
417 3418 443 3469 ui
462 3415 539 3469 iellor
557 3415 636 3468 etiem
653 3413 830 3477 Huscurrrus,
858 3410 902 3476 qul
926 3402 1061 3473 cdscrlpelt
1079 3401 1189 3456 Hercu·
1218 3386 1226 3405 ⁶

163 3515 222 3568 Set.
240 3513 276 3579 ΙΙ,
289 3518 316 3579 ⁶,
335 3515 371 3564 12
387 3528 442 3581 sqq.
479 3513 535 3568 Sed
552 3506 694 3582 simplicior
711 3513 794 3565 altere
810 3508 886 3575 ntia,
903 3506 948 3560 ubl
966 3503 1027 3559 nihil
1045 3503 1188 3573 suppletur.

164 3612 262 3681 Accipe
291 3614 433 3681 ponitur
456 3621 536 3667 tute
560 3628 608 3682 pro
633 3610 808 3683 anteponitur
831 3623 890 3662 cunr
914 3606 1038 3661 Murem
1056 3610 1084 3660 et
1101 3603 1189 3658 Wun-

166 3726 334 3779 ounurcnro,
361 3716 407 3783 qul
433 3715 543 3770 Hoetu.
565 3716 624 3770 Set.
650 3714 673 3780 1,
695 3719 722 3780 ³,
743 3714 789 3764 02
815 3713 949 3779 comperet
970 3705 1090 3779 potiturn
1116 3710 1188 3756 ante.

163 3808 284 3864 Tibullus
302 3813 368 3868 ttxtt
385 3813 421 3880 ll,
441 3818 468 3879 1,
482 3817 534 3869 242
550 3821 674 3867 exetruet
692 3820 775 3873 ante,·
793 3796 829 3876 11,
846 3813 874 3875 d,
891 3813 945 3863 tes
965 3804 1052 3861 stabit
1065 3811 1138 3856 ante.
1153 3827 1189 3840 -

162 3905 214 3959 Est
230 3914 315 3964 eutem
334 3913 500 3979 agricole
517 3912 615 3978 deus,
633 3918 663 3965 ut
675 3926 734 3964 ceur
745 3910 845 3964 Vossro
858 3906 946 3973 credo,
964 3905 1093 3965 Silreuus,
1110 3898 1189 3955 elien

83 4019 91 4035 ·
160 4004 230 4059 inin
256 4006 277 4073 l,
302 4013 330 4077 u,
357 4015 402 4066 27.
429 4011 591 4081 cogitandus.
636 4010 767 4081 Exposuit
793 4010 828 4063 de
853 4024 887 4063 ec
914 4008 1028 4063 Vossius
1056 4000 1090 4056 ed
1115 3998 1187 4064 Virq.

158 4108 258 4175 Eclog.
276 4108 310 4166 X,
327 4114 372 4165 24.
419 4115 481 4170 Quo
500 4114 585 4167 uiuus
604 4114 671 4168 euim
695 4129 753 4167 cum
773 4114 890 4176 (iruna,
915 4109 1038 4171 Verrio,
1065 4102 1189 4165 Hermo,

158 4213 391 4270 Wunousutcuto
409 4217 549 4271 collective
577 4215 640 4270 hoec
665 4217 744 4271 verbs
762 4214 796 4270 dc
813 4213 862 4270 diis
885 4209 1007 4282 agricolis
1024 4206 1190 4276 accipiemus,
