3009 4725
305 403 417 444 exuvtu
705 380 765 442 DE
790 375 912 443 POESI

282 519 416 618 'natttra
440 554 564 632 docuit,
594 548 747 635 quaedam
771 571 822 612 ars
846 551 976 613 iuverit.
1027 549 1179 634 Colligam
1203 576 1238 617 ea
1264 558 1327 622 alio

301 671 385 748 loco,
411 691 494 731 nvtuc
516 668 611 747 seligo
634 685 716 749 quae
737 663 833 726 buius
854 676 927 725 auru
948 664 1020 726 loci.
1070 669 1115 728 Ac
1138 690 1176 729 uc
1199 668 1239 731 da
1261 671 1325 731 Ex-

300 782 484 843 clamatione
507 778 624 855 dicam,
649 778 741 839 etiarn
761 777 982 853 interrogatione
1004 779 1125 841 modice
1146 782 1247 844 utitur
1268 783 1324 843 Ti·

299 897 405 958 bullus
424 906 454 956 et
474 894 509 954 in
528 892 637 955 eodem
656 888 783 974 quidem
801 893 872 953 loco
892 889 931 952 ad
950 913 1105 954 summum
1125 905 1183 956 ter.
1228 892 1321 971 Quod

299 1008 394 1087 igitur
417 1030 448 1072 v.
465 1029 492 1069 c.
512 1004 597 1088 apud
619 1005 818 1087 Propertium
844 1017 906 1082 est,
936 1006 983 1084 tt,
1003 1011 1064 1085 20,
1090 1013 1208 1091 tsqq.:

384 1166 470 1245 Quid
493 1167 549 1230 fles
572 1167 705 1231 abducta
728 1169 854 1247 gravius
875 1165 1040 1231 Briseide?
1068 1168 1145 1254 quid
1168 1168 1224 1233 ilas

427 1285 533 1345 Anxia
554 1283 675 1365 captiva
695 1282 815 1344 tristius
836 1279 1084 1347 Andromacha?

387 1393 510 1474 Quidve
534 1417 603 1458 ntea
629 1394 667 1458 de
691 1393 803 1457 irattde
827 1393 920 1474 deos,
950 1396 1077 1473 insana,
1110 1389 1244 1472 fatigas?

429 1507 513 1586 Quid
536 1510 678 1594 quereris
701 1522 840 1573 nostram
862 1509 905 1590 sic
927 1506 1071 1570 eccidisse
1093 1502 1207 1570 fidem?

300 1687 354 1739 aut
376 1696 446 1737 cnm
469 1673 550 1757 apud
571 1671 707 1737 eundem
729 1677 753 1755 l,
771 1681 802 1738 Β.
822 1695 881 1759 per
901 1687 973 1739 octo
991 1695 1101 1738 versus
1120 1675 1199 1738 haec
1217 1674 1321 1737 forma

298 1802 423 1868 regnat,
446 1809 510 1849 non
533 1789 675 1852 invenias
697 1788 782 1871 apud
797 1789 970 1851 Tibullum.
1011 1787 1073 1851 Hie
1089 1787 1186 1852 semel
1204 1786 1321 1850 diutius

298 1922 367 1964 eam
392 1902 587 1964 continuavit
607 1904 637 1981 1,
657 1908 745 1982 7,13
765 1922 834 1986 sqq.
858 1901 893 1964 in
918 1905 1154 1967 enumeratione
1176 1905 1320 1965 locorum

296 2034 377 2098 quae
399 2013 534 2075 Messala
559 2016 734 2094 pacaverit,
764 2014 852 2099 quod
878 2017 923 2078 ibi
950 2016 1109 2106 magnifice
1138 2016 1253 2075 factum
1279 2009 1319 2072 ad

295 2125 512 2188 illustrandam
537 2125 747 2188 multitudinis
777 2128 928 2209 speciem3
960 2129 1034 2188 alias
1057 2127 1175 2210 ubique
1200 2126 1319 2205 simpli·

296 2237 364 2300 cior
392 2251 438 2299 est
466 2250 496 2299 et
523 2258 601 2301 mox
629 2237 669 2300 ad
697 2240 773 2302 alias
801 2239 919 2299 formas
945 2239 1073 2313 transit,
1108 2234 1202 2299 credo
1231 2235 1318 2318 quod

220 2419 222 2424 ,
296 2350 491 2421 artificiosius
520 2365 645 2416 auctum
673 2340 792 2424 πάθος
813 2370 880 2411 non
908 2350 1040 2412 amabat.
1054 2384 1098 2398 -
1131 2346 1254 2412 Accedo
1278 2349 1316 2413 ad

295 2468 497 2547 apostrophen,
528 2487 590 2548 qua
616 2483 766 2546 persaepe
794 2464 909 2540 utitur,
940 2482 1012 2524 cum
1035 2464 1176 2525 alacritas
1199 2464 1320 2544 ingenii

294 2577 401 2640 vivida
422 2579 605 2659 phantasiae
626 2587 738 2659 poetae
766 2596 851 2637 nunc
874 2577 926 2640 bic
952 2595 1036 2667 nuuc
1058 2576 1122 2637 illic
1145 2597 1205 2657 pro
1227 2579 1320 2639 tertia

295 2712 431 2773 persona
459 2689 628 2754 secundam
656 2700 815 2753 crescente
843 2687 956 2751 ardore
983 2688 1134 2766 inferret,
1164 2711 1245 2773 quae
1269 2711 1320 2753 res

296 2808 389 2867 etiam
413 2805 580 2869 variandae
603 2806 738 2867 orationi
760 2804 892 2885 pulchre
912 2803 1051 2867 inservit
1094 2801 1146 2866 Sic
1165 2805 1199 2867 in
1220 2806 1320 2886 prima

296 2920 394 2999 elegia
424 2919 498 2981 libri
529 2919 625 3000 primi
659 2916 833 2999 alloquitur
865 2914 1013 2977 Cererem
1045 2928 1076 2978 et
1105 2937 1182 2979 mox
1212 2916 1319 2995 Lares,

295 3029 408 3093 deinde
435 3032 522 3094 iures
547 3032 721 3112 luposque,
751 3036 820 3088 tunt
842 3023 948 3105 divos,
979 3040 1077 3109 porro
1097 3027 1264 3091 Messalam
1289 3041 1320 3091 et
1430 3029 1434 3036 ’

293 3142 435 3220 Deliam,
457 3152 615 3223 postremo
637 3144 724 3221 sigua
744 3142 915 3225 tubasque,
938 3148 968 3204 ei
986 3142 1129 3204 similiter
1146 3143 1179 3203 iu
1200 3142 1320 3204 ceteris.

293 3257 339 3317 Ac
362 3255 472 3320 doceat
490 3257 669 3336 exemplum
688 3256 817 3316 allatum
835 3254 928 3317 simul
945 3275 1009 3338 quo
1028 3256 1061 3319 in
1080 3274 1192 3334 genere
1210 3275 1318 3317 rerum

294 3391 328 3433 ae
359 3371 517 3453 contineat
545 3368 666 3430 Tibulli
693 3368 814 3450 poesis,
849 3370 905 3450 qui
931 3388 990 3431 nec
1017 3366 1122 3431 sidera
1148 3370 1320 3452 alloquitur

294 3504 352 3545 uec
382 3491 488 3544 adrem
517 3494 548 3543 et
572 3494 702 3558 ventos,
736 3492 791 3543 aut
818 3479 965 3557 flumina,
997 3494 1135 3559 montes,
1166 3482 1262 3544 valles
1288 3493 1320 3541 et

293 3595 424 3674 similia,
448 3613 530 3678 quae
552 3605 646 3655 etex
668 3594 736 3656 aliis
759 3592 926 3673 generibus
945 3611 1078 3675 poeseos
1101 3602 1178 3652 nota
1199 3610 1258 3654 nec
1278 3593 1319 3652 ab

237 3747 239 3751 ·
294 3710 392 3788 elegia
416 3706 518 3770 aliena
541 3718 624 3768 sunt.
673 3704 737 3768 Sed
765 3707 799 3768 in
826 3708 875 3769 bis
898 3705 1088 3769 carminibus
1112 3706 1218 3767 nullae
1246 3716 1321 3767 sunt

273 3800 333 3882 'ad
361 3840 469 3882 rerum
497 3824 643 3881 naturam
671 3818 805 3882 directae
834 3820 989 3903 querelae.
1043 3817 1167 3881 Verum
1194 3816 1234 3880 de
1259 3836 1319 3880 usu

293 3935 500 4015 apostrophes
529 3931 622 3994 etiam
653 3933 715 3994 alia
743 3930 881 3995 notanda
907 3931 1012 3998 video.
1065 3932 1207 3994 Primum
1235 3934 1320 3994 enim

292 4046 458 4128 aliquoties
490 4047 624 4122 laetum,
664 4054 700 4105 ut
714 4040 879 4107 eiusdem
917 4046 1051 4108 subiecti
1087 4055 1161 4124 post
1195 4043 1318 4105 tertiam
