3009 4725
441 431 627 507 TIBULLI
656 432 878 508 LIB.1.4.5.
1129 442 1177 514 17

191 622 409 712 Haee'mihi‚
436 649 525 724 quae
547 645 701 695 canerem
725 618 828 711 Titio,
854 619 940 695 deus
967 621 1075 697 edidit
1099 651 1177 700 ore:

239 755 311 830 Sed
336 753 466 826 Titium
495 748 644 823 coniunx
669 746 753 823 haec
780 748 974 823 meminisse
999 768 1095 826 relat

150 886 318 959 75Pareat
343 880 399 955 ille
422 905 523 955 onae:
565 904 625 950 vos
652 904 706 950 me
735 876 901 951 celebrate
927 879 1147 978 magistrum,

245 1013 347 1109 Quos
372 1009 458 1084 maie
483 1005 588 1081 habet
614 1004 720 1079 muru
746 1004 890 1081 callidus
916 1024 987 1082 arte
1013 1036 1107 1111 puer.

195 1139 317 1216 Gloria
332 1139 454 1239 cuique
466 1164 525 1209 sua
542 1152 610 1208 est:
637 1159 702 1223 me,
716 1134 775 1235 qui
791 1154 1006 1235 spernentur,
1026 1157 1177 1215 amantes

247 1267 466 1344 consulunt:
504 1264 636 1339 eunctis
662 1263 767 1338 ianua
792 1282 907 1340 nostra
929 1284 1030 1369 polet.

194 1403 346 1502 Tempus
369 1397 443 1488 erit,
470 1417 548 1471 cum
571 1421 627 1469 me
644 1393 787 1469 Veneris
811 1416 992 1497 praecepte
1015 1399 1178 1476 ferentem

154 1543 193 1602 ω
245 1531 403 1605 Deducat
427 1528 590 1600 iuvenum
615 1521 734 1597 sedule
759 1523 859 1599 turba
886 1554 1010 1602 senem.

199 1661 275 1733 Heu
297 1660 367 1732 heu
390 1685 493 1759 quum
507 1652 690 1760 Marathus
710 1651 801 1727 lento
819 1681 873 1729 me
890 1674 1025 1760 torquet
1046 1666 1178 1738 amore!

245 1786 421 1886 Deficiunt
442 1804 548 1876 artes,
580 1781 812 1885 deficiuntque
837 1783 917 1859 doli.

200 1919 326 2006 Peroe,
360 1941 467 2017 puer,
497 1927 642 2017 quomo,
674 1939 718 1987 ne
741 1914 852 2014 turpis
877 1914 996 1990 sabula
1021 1915 1121 2007 fiam,

253 2047 340 2122 Cum
365 2071 447 2121 mee
466 2043 628 2121 ridebunt
654 2069 742 2120 vana
765 2041 969 2142 magisteria.

495 2407 757 2473 ELEG1·A
803 2412 847 2477 V.
919 2422 924 2447 ¹

196 2560 343 2716 Asper
363 2642 455 2689 eram
473 2635 505 2689 et
517 2613 606 2692 bene
623 2617 806 2692 discidium
824 2645 878 2693 me
897 2618 985 2694 serre
999 2616 1182 2721 loquebar:

249 2745 297 2820 At
322 2744 407 2821 mihi
434 2773 523 2822 nune
548 2747 651 2849 longe
678 2744 789 2847 gloria
813 2744 911 2820 sortis
937 2748 1040 2821 abest.

195 2878 351 2979 Namque
364 2905 458 2976 agor,
477 2876 697 2979 uiperplana
711 2876 798 2951 citus
811 2875 884 2951 sole
896 2881 1035 2952 verbere
1048 2878 1183 2967 turben,

256 3006 373 3104 Quem
401 3005 489 3081 eeler
518 3024 652 3082 assueta
678 3024 790 3081 versat
813 3008 857 3081 ab
884 3024 954 3080 arte
977 3032 1073 3107 puer.

178 3136 274 3208 5Ure
299 3136 412 3210 serum
438 3153 470 3209 et
496 3118 636 3238 torque,
662 3136 767 3211 libeat
792 3165 835 3210 ne
860 3136 972 3211 dicere
997 3134 1181 3237 quicquam

251 3265 475 3363 Magnificum
503 3284 581 3368 post
605 3265 707 3341 hoec:
741 3265 883 3341 horrida
910 3266 1013 3340 verba
1039 3265 1151 3341 doma.

205 3395 312 3468 Parce
338 3413 471 3486 tamen,
500 3425 563 3498 per
587 3414 619 3470 te
643 3396 758 3470 furtivi
786 3396 925 3471 foedera
951 3394 1046 3486 lecti,

252 3525 321 3599 Per
345 3529 513 3602 Venerem
539 3554 666 3628 quaeso
694 3527 987 3629 compositumque
1011 3543 1122 3631 caput.

231 3744 265 3800 V.
275 3749 320 3799 81.
344 3747 417 3803 Male
437 3750 518 3819 vulgo
535 3750 609 3803 lento
626 3750 791 3819 Marathus,
817 3768 895 3822 preve
912 3754 1093 3807 collocutione.

233 3864 265 3919 V.
276 3871 302 3922 6.
330 3876 409 3937 port
433 3868 516 3927 hoec
540 3874 649 3944 optimi,
676 3872 719 3926 elii
739 3870 873 3944 posthoc,
899 3872 968 3940 qood
987 3878 1071 3925 tumen
1092 3875 1185 3940 poene

163 3960 246 4015 minor
271 3963 454 4035 trementum,
487 3972 521 4026 el.
543 3972 711 4026 Lnennren.
737 3970 770 4025 ed
795 3972 915 4040 Propere
945 3989 970 4040 p·
986 3973 1031 4023 6⁶·
1075 3969 1186 4035 Legitur

162 4058 325 4117 nihilomiuus
351 4066 472 4135 posthac
501 4069 560 4124 infr.
584 4072 632 4138 IV,
657 4074 689 4136 5,
719 4073 761 4124 1⁶.
803 4069 844 4122 Ad
874 4069 1060 4137 querulorum
1089 4067 1186 4121 frustm

164 4157 324 4216 Hunorum
346 4170 437 4219 metor
454 4169 534 4223 etiem
555 4168 596 4223 lue
615 4168 738 4239 poerlroo.

877 4264 900 4328 2
