<?xml version="1.0" encoding="UTF-8"?>
<!DOCTYPE html PUBLIC "-//W3C//DTD XHTML 1.0 Transitional//EN"
    "http://www.w3.org/TR/xhtml1/DTD/xhtml1-transitional.dtd">
<html xmlns="http://www.w3.org/1999/xhtml" xml:lang="en" lang="en">
 <head>
  <title>
</title>
<meta http-equiv="Content-Type" content="text/html;charset=utf-8" />
  <meta name='ocr-system' content='tesseract 3.04.00' />
  <meta name='ocr-capabilities' content='ocr_page ocr_carea ocr_par ocr_line ocrx_word'/>
</head>
<body>
  <div class='ocr_page' id='page_1' title='image "albiitibullicar00unkngoog_0565.png"; bbox 0 0 3009 4725; ppageno 0'>
   <div class='ocr_carea' id='block_1_1' title="bbox 507 328 1211 400">
    <p class='ocr_par' dir='ltr' id='par_1_1' title="bbox 507 328 1211 400">
     <span class='ocr_line' id='line_1_1' title="bbox 507 328 1211 400; baseline 0.016 -11"><span class='ocrx_word' id='word_1_1' title='bbox 507 328 618 391; x_wconf 86' lang='lat' dir='ltr'>LIBR.</span> <span class='ocrx_word' id='word_1_2' title='bbox 641 330 681 391; x_wconf 89' lang='grc' dir='ltr'><strong>ΙΙ.</strong></span> <span class='ocrx_word' id='word_1_3' title='bbox 723 329 846 394; x_wconf 80' lang='lat' dir='ltr'><strong>ELEG.</strong></span> <span class='ocrx_word' id='word_1_4' title='bbox 868 332 907 394; x_wconf 88' lang='grc' dir='ltr'><strong>ΙΙ.</strong></span> <span class='ocrx_word' id='word_1_5' title='bbox 1149 345 1211 400; x_wconf 79' lang='lat'><strong>229</strong></span> 
     </span>
    </p>
   </div>
   <div class='ocr_carea' id='block_1_2' title="bbox 185 498 1213 1166">
    <p class='ocr_par' dir='ltr' id='par_1_2' title="bbox 185 498 1213 1166">
     <span class='ocr_line' id='line_1_2' title="bbox 189 498 1213 561; baseline 0.007 -7"><span class='ocrx_word' id='word_1_6' title='bbox 189 500 318 554; x_wconf 81' lang='lat' dir='ltr'><strong>Natalem</strong></span> <span class='ocrx_word' id='word_1_7' title='bbox 349 515 400 553; x_wconf 94' lang='lat' dir='ltr'><strong>non</strong></span> <span class='ocrx_word' id='word_1_8' title='bbox 435 498 541 554; x_wconf 78' lang='lat' dir='ltr'><strong>differre</strong></span> <span class='ocrx_word' id='word_1_9' title='bbox 575 517 591 553; x_wconf 88' lang='lat' dir='ltr'><strong>a</strong></span> <span class='ocrx_word' id='word_1_10' title='bbox 624 502 710 556; x_wconf 91' lang='lat' dir='ltr'><strong>Genio</strong></span> <span class='ocrx_word' id='word_1_11' title='bbox 742 509 814 558; x_wconf 84' lang='lat' dir='ltr'><strong>reete</strong></span> <span class='ocrx_word' id='word_1_12' title='bbox 841 510 931 559; x_wconf 84' lang='lat' dir='ltr'><strong>contra</strong></span> <span class='ocrx_word' id='word_1_13' title='bbox 959 503 1097 561; x_wconf 82' lang='lat' dir='ltr'><strong>Hnrnrmr</strong></span> <span class='ocrx_word' id='word_1_14' title='bbox 1124 516 1213 561; x_wconf 89' lang='lat' dir='ltr'><strong>monet</strong></span> 
     </span>
     <span class='ocr_line' id='line_1_3' title="bbox 187 602 1212 675; baseline 0.003 -20"><span class='ocrx_word' id='word_1_15' title='bbox 187 603 451 667; x_wconf 81' lang='lat' dir='ltr'><strong>Wnrsnnanronrns3</strong></span> <span class='ocrx_word' id='word_1_16' title='bbox 478 602 615 657; x_wconf 80' lang='lat' dir='ltr'><strong>manifesto</strong></span> <span class='ocrx_word' id='word_1_17' title='bbox 641 606 788 673; x_wconf 88' lang='lat' dir='ltr'><strong>promiscue</strong></span> <span class='ocrx_word' id='word_1_18' title='bbox 806 612 948 675; x_wconf 83' lang='lat' dir='ltr'><strong>usurpatur</strong></span> <span class='ocrx_word' id='word_1_19' title='bbox 965 614 1103 674; x_wconf 86' lang='lat' dir='ltr'><strong>utrumque</strong></span> <span class='ocrx_word' id='word_1_20' title='bbox 1120 621 1212 660; x_wconf 85' lang='lat' dir='ltr'><strong>nomen</strong></span> 
     </span>
     <span class='ocr_line' id='line_1_4' title="bbox 187 700 1211 772; baseline 0.003 -18"><span class='ocrx_word' id='word_1_21' title='bbox 187 708 214 755; x_wconf 95' lang='lat' dir='ltr'><strong>et</strong></span> <span class='ocrx_word' id='word_1_22' title='bbox 232 703 257 754; x_wconf 93' lang='lat' dir='ltr'><strong>in</strong></span> <span class='ocrx_word' id='word_1_23' title='bbox 276 702 325 754; x_wconf 88' lang='lat' dir='ltr'><strong>hoo</strong></span> <span class='ocrx_word' id='word_1_24' title='bbox 344 702 457 754; x_wconf 75' lang='lat' dir='ltr'>carmine</span> <span class='ocrx_word' id='word_1_25' title='bbox 478 708 504 753; x_wconf 90' lang='lat' dir='ltr'><strong>et</strong></span> <span class='ocrx_word' id='word_1_26' title='bbox 522 700 588 753; x_wconf 88' lang='lat' dir='ltr'><strong>infra</strong></span> <span class='ocrx_word' id='word_1_27' title='bbox 606 701 652 765; x_wconf 86' lang='lat' dir='ltr'><strong>lv,</strong></span> <span class='ocrx_word' id='word_1_28' title='bbox 673 706 700 756; x_wconf 76' lang='grc'><strong>5.</strong></span> <span class='ocrx_word' id='word_1_29' title='bbox 720 707 749 754; x_wconf 89' lang='lat' dir='ltr'><strong>ut</strong></span> <span class='ocrx_word' id='word_1_30' title='bbox 767 718 846 772; x_wconf 89' lang='lat' dir='ltr'><strong>supra</strong></span> <span class='ocrx_word' id='word_1_31' title='bbox 864 704 885 769; x_wconf 85' lang='lat'><strong>1,</strong></span> <span class='ocrx_word' id='word_1_32' title='bbox 904 711 930 772; x_wconf 81' lang='lat' dir='ltr'><strong>t,</strong></span> <span class='ocrx_word' id='word_1_33' title='bbox 948 705 991 757; x_wconf 86' lang='lat' dir='ltr'><strong>tin.</strong></span> <span class='ocrx_word' id='word_1_34' title='bbox 1009 732 1046 744; x_wconf 89' lang='lat'><em>-</em></span> <span class='ocrx_word' id='word_1_35' title='bbox 1071 705 1122 757; x_wconf 86' lang='lat' dir='ltr'><strong>vir</strong></span> <span class='ocrx_word' id='word_1_36' title='bbox 1146 720 1211 757; x_wconf 87' lang='lat' dir='ltr'><strong>run-</strong></span> 
     </span>
     <span class='ocr_line' id='line_1_5' title="bbox 186 800 1209 869; baseline 0.002 -17"><span class='ocrx_word' id='word_1_37' title='bbox 186 801 330 868; x_wconf 88' lang='lat' dir='ltr'><strong>iierque.</strong></span> <span class='ocrx_word' id='word_1_38' title='bbox 373 801 501 853; x_wconf 76' lang='lat' dir='ltr'><strong>Familiae</strong></span> <span class='ocrx_word' id='word_1_39' title='bbox 526 801 613 869; x_wconf 87' lang='lat' dir='ltr'><strong>piures</strong></span> <span class='ocrx_word' id='word_1_40' title='bbox 639 802 739 853; x_wconf 85' lang='lat' dir='ltr'><strong>amicae</strong></span> <span class='ocrx_word' id='word_1_41' title='bbox 767 808 891 855; x_wconf 85' lang='lat' dir='ltr'><strong>venerant</strong></span> <span class='ocrx_word' id='word_1_42' title='bbox 915 803 949 856; x_wconf 86' lang='lat' dir='ltr'><strong>sd</strong></span> <span class='ocrx_word' id='word_1_43' title='bbox 973 800 1023 856; x_wconf 88' lang='lat' dir='ltr'><strong>hoe</strong></span> <span class='ocrx_word' id='word_1_44' title='bbox 1047 802 1150 857; x_wconf 79' lang='lat' dir='ltr'><strong>festum.</strong></span> <span class='ocrx_word' id='word_1_45' title='bbox 1174 828 1209 843; x_wconf 92' lang='lat'>-</span> 
     </span>
     <span class='ocr_line' id='line_1_6' title="bbox 186 898 1209 969; baseline -0.002 -15"><span class='ocrx_word' id='word_1_46' title='bbox 186 902 217 954; x_wconf 76' lang='lat' dir='ltr'><strong>V,</strong></span> <span class='ocrx_word' id='word_1_47' title='bbox 236 905 253 953; x_wconf 84' lang='lat'>3</span> <span class='ocrx_word' id='word_1_48' title='bbox 271 918 311 969; x_wconf 91' lang='lat' dir='ltr'><strong>sq.</strong></span> <span class='ocrx_word' id='word_1_49' title='bbox 337 906 482 954; x_wconf 86' lang='lat' dir='ltr'><strong>urantur</strong></span> <span class='ocrx_word' id='word_1_50' title='bbox 501 901 638 953; x_wconf 88' lang='lat' dir='ltr'><strong>odores.</strong></span> <span class='ocrx_word' id='word_1_51' title='bbox 675 900 786 952; x_wconf 79' lang='lat' dir='ltr'><strong>Praeter</strong></span> <span class='ocrx_word' id='word_1_52' title='bbox 804 908 878 965; x_wconf 86' lang='lat' dir='ltr'><strong>turo,</strong></span> <span class='ocrx_word' id='word_1_53' title='bbox 907 916 974 968; x_wconf 88' lang='lat' dir='ltr'><strong>quae</strong></span> <span class='ocrx_word' id='word_1_54' title='bbox 993 901 1109 968; x_wconf 80' lang='lat' dir='ltr'><strong>legitima</strong></span> <span class='ocrx_word' id='word_1_55' title='bbox 1126 901 1152 953; x_wconf 90' lang='lat' dir='ltr'><strong>in</strong></span> <span class='ocrx_word' id='word_1_56' title='bbox 1170 898 1209 953; x_wconf 88' lang='lat' dir='ltr'><strong>his</strong></span> 
     </span>
     <span class='ocr_line' id='line_1_7' title="bbox 185 997 1209 1067; baseline -0.001 -15"><span class='ocrx_word' id='word_1_57' title='bbox 185 1001 281 1063; x_wconf 87' lang='lat' dir='ltr'><strong>saeris,</strong></span> <span class='ocrx_word' id='word_1_58' title='bbox 299 1000 417 1052; x_wconf 85' lang='lat' dir='ltr'><strong>sotebant</strong></span> <span class='ocrx_word' id='word_1_59' title='bbox 439 1000 484 1051; x_wconf 85' lang='lat' dir='ltr'><strong>itio</strong></span> <span class='ocrx_word' id='word_1_60' title='bbox 503 1007 639 1067; x_wconf 86' lang='lat' dir='ltr'><strong>tempore,</strong></span> <span class='ocrx_word' id='word_1_61' title='bbox 659 997 696 1050; x_wconf 89' lang='lat' dir='ltr'><strong>nit</strong></span> <span class='ocrx_word' id='word_1_62' title='bbox 712 997 853 1064; x_wconf 71' lang='lat' dir='ltr'><strong>Hermus,</strong></span> <span class='ocrx_word' id='word_1_63' title='bbox 872 1000 950 1051; x_wconf 85' lang='lat' dir='ltr'><strong>etiam</strong></span> <span class='ocrx_word' id='word_1_64' title='bbox 968 1000 1034 1051; x_wconf 86' lang='lat' dir='ltr'><strong>aliae</strong></span> <span class='ocrx_word' id='word_1_65' title='bbox 1052 1014 1094 1051; x_wconf 84' lang='lat' dir='ltr'><strong>res</strong></span> <span class='ocrx_word' id='word_1_66' title='bbox 1112 998 1209 1051; x_wconf 88' lang='lat' dir='ltr'><strong>odorae</strong></span> 
     </span>
     <span class='ocr_line' id='line_1_8' title="bbox 185 1098 1207 1166; baseline -0.001 -13"><span class='ocrx_word' id='word_1_67' title='bbox 185 1101 210 1153; x_wconf 88' lang='lat' dir='ltr'><strong>iu</strong></span> <span class='ocrx_word' id='word_1_68' title='bbox 229 1116 275 1152; x_wconf 85' lang='lat' dir='ltr'><strong>ara</strong></span> <span class='ocrx_word' id='word_1_69' title='bbox 292 1099 406 1164; x_wconf 77' lang='lat' dir='ltr'><strong>adoleri,</strong></span> <span class='ocrx_word' id='word_1_70' title='bbox 426 1106 455 1152; x_wconf 90' lang='lat' dir='ltr'><strong>ut</strong></span> <span class='ocrx_word' id='word_1_71' title='bbox 474 1100 544 1153; x_wconf 87' lang='lat' dir='ltr'><strong>eroei</strong></span> <span class='ocrx_word' id='word_1_72' title='bbox 563 1100 611 1152; x_wconf 77' lang='lat' dir='ltr'><strong>fios</strong></span> <span class='ocrx_word' id='word_1_73' title='bbox 630 1115 653 1151; x_wconf 85' lang='lat' dir='ltr'><strong>v.</strong></span> <span class='ocrx_word' id='word_1_74' title='bbox 674 1115 697 1151; x_wconf 85' lang='lat' dir='ltr'><strong>e.</strong></span> <span class='ocrx_word' id='word_1_75' title='bbox 716 1098 799 1150; x_wconf 86' lang='lat' dir='ltr'><strong>Ovrn.</strong></span> <span class='ocrx_word' id='word_1_76' title='bbox 815 1099 886 1152; x_wconf 76' lang='lat' dir='ltr'><strong>Fast.</strong></span> <span class='ocrx_word' id='word_1_77' title='bbox 902 1099 924 1166; x_wconf 88' lang='lat'><strong>1,</strong></span> <span class='ocrx_word' id='word_1_78' title='bbox 941 1104 1000 1165; x_wconf 76' lang='lat' dir='ltr'><strong>tu,</strong></span> <span class='ocrx_word' id='word_1_79' title='bbox 1020 1101 1207 1153; x_wconf 75' lang='lat' dir='ltr'><strong>cinnamomum</strong></span> 
     </span>
    </p>
   </div>
   <div class='ocr_carea' id='block_1_3' title="bbox 185 1196 1305 1268">
    <p class='ocr_par' dir='ltr' id='par_1_3' title="bbox 185 1196 1305 1268">
     <span class='ocr_line' id='line_1_9' title="bbox 185 1196 1305 1268; baseline -0.002 -16"><span class='ocrx_word' id='word_1_80' title='bbox 185 1208 212 1252; x_wconf 90' lang='lat' dir='ltr'><strong>et</strong></span> <span class='ocrx_word' id='word_1_81' title='bbox 232 1201 317 1265; x_wconf 79' lang='lat' dir='ltr'><strong>casia,</strong></span> <span class='ocrx_word' id='word_1_82' title='bbox 336 1215 401 1266; x_wconf 90' lang='lat' dir='ltr'><strong>quae</strong></span> <span class='ocrx_word' id='word_1_83' title='bbox 420 1198 469 1251; x_wconf 91' lang='lat' dir='ltr'><strong>diis</strong></span> <span class='ocrx_word' id='word_1_84' title='bbox 488 1196 668 1266; x_wconf 77' lang='lat' dir='ltr'><strong>persingulas</strong></span> <span class='ocrx_word' id='word_1_85' title='bbox 686 1197 766 1268; x_wconf 81' lang='lat' dir='ltr'><strong>micas</strong></span> <span class='ocrx_word' id='word_1_86' title='bbox 785 1196 893 1262; x_wconf 87' lang='lat' dir='ltr'><strong>dantur,</strong></span> <span class='ocrx_word' id='word_1_87' title='bbox 916 1204 946 1250; x_wconf 90' lang='lat' dir='ltr'><strong>ut</strong></span> <span class='ocrx_word' id='word_1_88' title='bbox 966 1196 1029 1250; x_wconf 86' lang='lat' dir='ltr'><strong>dicit</strong></span> <span class='ocrx_word' id='word_1_89' title='bbox 1048 1200 1129 1250; x_wconf 81' lang='lat' dir='ltr'><strong>Para.</strong></span> <span class='ocrx_word' id='word_1_90' title='bbox 1146 1197 1208 1263; x_wconf 81' lang='grc' dir='ltr'><strong>ΧΙΙ,</strong></span> <span class='ocrx_word' id='word_1_91' title='bbox 1298 1211 1305 1225; x_wconf 61' lang='lat'>*</span> 
     </span>
    </p>
   </div>
   <div class='ocr_carea' id='block_1_4' title="bbox 169 1297 1277 3759">
    <p class='ocr_par' dir='ltr' id='par_1_4' title="bbox 178 1297 1205 2662">
     <span class='ocr_line' id='line_1_10' title="bbox 183 1297 1205 1367; baseline 0.002 -17"><span class='ocrx_word' id='word_1_92' title='bbox 183 1303 227 1364; x_wconf 87' lang='grc'><strong>18,</strong></span> <span class='ocrx_word' id='word_1_93' title='bbox 246 1302 306 1366; x_wconf 84' lang='grc'><strong>41.,</strong></span> <span class='ocrx_word' id='word_1_94' title='bbox 336 1315 414 1367; x_wconf 91' lang='lat' dir='ltr'><strong>porro</strong></span> <span class='ocrx_word' id='word_1_95' title='bbox 439 1299 512 1352; x_wconf 86' lang='lat' dir='ltr'><strong>nardi</strong></span> <span class='ocrx_word' id='word_1_96' title='bbox 536 1298 598 1350; x_wconf 83' lang='lat' dir='ltr'><strong>folia</strong></span> <span class='ocrx_word' id='word_1_97' title='bbox 623 1304 650 1350; x_wconf 91' lang='lat' dir='ltr'><strong>et</strong></span> <span class='ocrx_word' id='word_1_98' title='bbox 675 1299 780 1366; x_wconf 84' lang='lat' dir='ltr'><strong>spicae,</strong></span> <span class='ocrx_word' id='word_1_99' title='bbox 807 1298 867 1350; x_wconf 84' lang='lat' dir='ltr'><strong>alia·</strong></span> <span class='ocrx_word' id='word_1_100' title='bbox 912 1297 984 1351; x_wconf 81' lang='lat' dir='ltr'><strong>udde</strong></span> <span class='ocrx_word' id='word_1_101' title='bbox 1010 1299 1150 1352; x_wconf 81' lang='lat' dir='ltr'><strong>Vuanlust.</strong></span> <span class='ocrx_word' id='word_1_102' title='bbox 1171 1327 1205 1338; x_wconf 92' lang='lat'>-</span> 
     </span>
     <span class='ocr_line' id='line_1_11' title="bbox 184 1394 1205 1465; baseline -0.005 -12"><span class='ocrx_word' id='word_1_103' title='bbox 184 1401 269 1453; x_wconf 77' lang='lat' dir='ltr'><strong>Quos</strong></span> <span class='ocrx_word' id='word_1_104' title='bbox 287 1399 397 1452; x_wconf 89' lang='lat' dir='ltr'><strong>mittit</strong></span> <span class='ocrx_word' id='word_1_105' title='bbox 416 1397 532 1451; x_wconf 72' lang='lat' dir='ltr'><strong>Arabs.</strong></span> <span class='ocrx_word' id='word_1_106' title='bbox 569 1394 650 1447; x_wconf 79' lang='lat' dir='ltr'><strong>Mitti</strong></span> <span class='ocrx_word' id='word_1_107' title='bbox 668 1395 788 1447; x_wconf 82' lang='lat' dir='ltr'><strong>dicuntur</strong></span> <span class='ocrx_word' id='word_1_108' title='bbox 806 1410 906 1449; x_wconf 82' lang='lat' dir='ltr'><strong>merces</strong></span> <span class='ocrx_word' id='word_1_109' title='bbox 924 1398 1077 1465; x_wconf 76' lang='lat' dir='ltr'><strong>peregrinae</strong></span> <span class='ocrx_word' id='word_1_110' title='bbox 1094 1403 1124 1450; x_wconf 89' lang='lat' dir='ltr'><strong>ut</strong></span> <span class='ocrx_word' id='word_1_111' title='bbox 1141 1412 1205 1449; x_wconf 88' lang='lat' dir='ltr'><strong>eon-</strong></span> 
     </span>
     <span class='ocr_line' id='line_1_12' title="bbox 183 1495 1203 1563; baseline -0.002 -11"><span class='ocrx_word' id='word_1_112' title='bbox 183 1505 252 1563; x_wconf 83' lang='lat' dir='ltr'><strong>stnt,</strong></span> <span class='ocrx_word' id='word_1_113' title='bbox 278 1500 312 1550; x_wconf 82' lang='lat' dir='ltr'><strong>ci.</strong></span> <span class='ocrx_word' id='word_1_114' title='bbox 330 1499 459 1552; x_wconf 83' lang='lat' dir='ltr'><strong>Harnrns</strong></span> <span class='ocrx_word' id='word_1_115' title='bbox 478 1498 511 1550; x_wconf 93' lang='lat' dir='ltr'><strong>ad</strong></span> <span class='ocrx_word' id='word_1_116' title='bbox 528 1496 578 1562; x_wconf 92' lang='grc' dir='ltr'><strong>ΙΙΙ,</strong></span> <span class='ocrx_word' id='word_1_117' title='bbox 595 1500 622 1560; x_wconf 76' lang='lat'><strong>2,</strong></span> <span class='ocrx_word' id='word_1_118' title='bbox 640 1499 686 1547; x_wconf 77' lang='lat'><strong>23.</strong></span> <span class='ocrx_word' id='word_1_119' title='bbox 705 1502 732 1548; x_wconf 88' lang='lat' dir='ltr'><strong>et</strong></span> <span class='ocrx_word' id='word_1_120' title='bbox 749 1495 902 1548; x_wconf 69' lang='lat' dir='ltr'><strong>Barsine.</strong></span> <span class='ocrx_word' id='word_1_121' title='bbox 920 1495 953 1549; x_wconf 88' lang='lat' dir='ltr'><strong>ad</strong></span> <span class='ocrx_word' id='word_1_122' title='bbox 972 1497 1049 1549; x_wconf 76' lang='lat' dir='ltr'><strong>Ouid.</strong></span> <span class='ocrx_word' id='word_1_123' title='bbox 1068 1498 1124 1549; x_wconf 76' lang='lat' dir='ltr'><strong>Art.</strong></span> <span class='ocrx_word' id='word_1_124' title='bbox 1147 1496 1203 1551; x_wconf 75' lang='lat' dir='ltr'><strong>hm.</strong></span> 
     </span>
     <span class='ocr_line' id='line_1_13' title="bbox 182 1593 1202 1665; baseline 0 -15"><span class='ocrx_word' id='word_1_125' title='bbox 182 1596 232 1663; x_wconf 86' lang='grc' dir='ltr'><strong>ΙΙΙ,</strong></span> <span class='ocrx_word' id='word_1_126' title='bbox 250 1601 311 1650; x_wconf 77' lang='grc'><strong>213.</strong></span> <span class='ocrx_word' id='word_1_127' title='bbox 329 1625 366 1637; x_wconf 92' lang='grc'>-</span> <span class='ocrx_word' id='word_1_128' title='bbox 393 1602 527 1650; x_wconf 86' lang='lat' dir='ltr'><strong>eterra</strong></span> <span class='ocrx_word' id='word_1_129' title='bbox 554 1594 682 1660; x_wconf 79' lang='lat' dir='ltr'><strong>divite,</strong></span> <span class='ocrx_word' id='word_1_130' title='bbox 709 1593 816 1665; x_wconf 87' lang='lat' dir='ltr'><strong>eopiosa</strong></span> <span class='ocrx_word' id='word_1_131' title='bbox 842 1601 870 1647; x_wconf 89' lang='lat' dir='ltr'><strong>et</strong></span> <span class='ocrx_word' id='word_1_132' title='bbox 887 1593 969 1648; x_wconf 80' lang='lat' dir='ltr'><strong>feraci</strong></span> <span class='ocrx_word' id='word_1_133' title='bbox 986 1611 1073 1650; x_wconf 87' lang='lat' dir='ltr'><strong>rernm</strong></span> <span class='ocrx_word' id='word_1_134' title='bbox 1091 1598 1202 1665; x_wconf 84' lang='lat' dir='ltr'><strong>optima-</strong></span> 
     </span>
     <span class='ocr_line' id='line_1_14' title="bbox 183 1694 1201 1768; baseline -0.002 -17"><span class='ocrx_word' id='word_1_135' title='bbox 183 1714 297 1751; x_wconf 82' lang='lat' dir='ltr'><strong>rum-</strong></span> <span class='ocrx_word' id='word_1_136' title='bbox 322 1704 432 1762; x_wconf 87' lang='lat' dir='ltr'><strong>tener,</strong></span> <span class='ocrx_word' id='word_1_137' title='bbox 452 1695 477 1751; x_wconf 89' lang='lat' dir='ltr'><strong>h.</strong></span> <span class='ocrx_word' id='word_1_138' title='bbox 496 1713 520 1750; x_wconf 90' lang='lat' dir='ltr'><strong>e.</strong></span> <span class='ocrx_word' id='word_1_139' title='bbox 533 1697 642 1768; x_wconf 83' lang='lat' dir='ltr'><strong>mollis,</strong></span> <span class='ocrx_word' id='word_1_140' title='bbox 662 1703 690 1747; x_wconf 92' lang='lat' dir='ltr'><strong>ut</strong></span> <span class='ocrx_word' id='word_1_141' title='bbox 708 1696 788 1762; x_wconf 77' lang='lat' dir='ltr'><strong>volgo</strong></span> <span class='ocrx_word' id='word_1_142' title='bbox 806 1694 913 1747; x_wconf 88' lang='lat' dir='ltr'><strong>audiunt</strong></span> <span class='ocrx_word' id='word_1_143' title='bbox 931 1694 1047 1761; x_wconf 74' lang='lat' dir='ltr'><strong>Arabes,</strong></span> <span class='ocrx_word' id='word_1_144' title='bbox 1066 1694 1099 1747; x_wconf 81' lang='lat' dir='ltr'><strong>ci.</strong></span> <span class='ocrx_word' id='word_1_145' title='bbox 1120 1696 1201 1749; x_wconf 76' lang='lat' dir='ltr'><strong>Vrsa.</strong></span> 
     </span>
     <span class='ocr_line' id='line_1_15' title="bbox 183 1794 1200 1863; baseline 0.001 -14"><span class='ocrx_word' id='word_1_146' title='bbox 183 1799 282 1863; x_wconf 81' lang='lat' dir='ltr'><strong>Georg.</strong></span> <span class='ocrx_word' id='word_1_147' title='bbox 300 1797 322 1861; x_wconf 93' lang='grc' dir='ltr'><strong>Ι,</strong></span> <span class='ocrx_word' id='word_1_148' title='bbox 339 1801 383 1847; x_wconf 74' lang='grc'><strong>57.</strong></span> <span class='ocrx_word' id='word_1_149' title='bbox 411 1796 535 1848; x_wconf 71' lang='lat' dir='ltr'><strong>Curuae.</strong></span> <span class='ocrx_word' id='word_1_150' title='bbox 556 1795 605 1861; x_wconf 90' lang='lat' dir='ltr'><strong>XI,</strong></span> <span class='ocrx_word' id='word_1_151' title='bbox 623 1798 649 1849; x_wconf 80' lang='lat'><strong>5.</strong></span> <span class='ocrx_word' id='word_1_152' title='bbox 675 1795 782 1848; x_wconf 76' lang='lat' dir='ltr'><strong>hirnia.</strong></span> <span class='ocrx_word' id='word_1_153' title='bbox 800 1794 849 1860; x_wconf 88' lang='lat' dir='ltr'><strong>lv,</strong></span> <span class='ocrx_word' id='word_1_154' title='bbox 873 1799 937 1849; x_wconf 79' lang='lat'><strong>652.</strong></span> <span class='ocrx_word' id='word_1_155' title='bbox 960 1796 1077 1863; x_wconf 89' lang='lat' dir='ltr'><strong>aliosque</strong></span> <span class='ocrx_word' id='word_1_156' title='bbox 1095 1796 1167 1849; x_wconf 83' lang='lat' dir='ltr'><strong>iocos</strong></span> <span class='ocrx_word' id='word_1_157' title='bbox 1185 1813 1200 1850; x_wconf 88' lang='lat' dir='ltr'><strong>a</strong></span> 
     </span>
     <span class='ocr_line' id='line_1_16' title="bbox 180 1895 1201 1966; baseline 0.002 -18"><span class='ocrx_word' id='word_1_158' title='bbox 180 1897 380 1950; x_wconf 81' lang='lat' dir='ltr'><strong>Bnoucrrnusro</strong></span> <span class='ocrx_word' id='word_1_159' title='bbox 407 1898 506 1949; x_wconf 82' lang='lat' dir='ltr'><strong>allatos.</strong></span> <span class='ocrx_word' id='word_1_160' title='bbox 551 1895 645 1964; x_wconf 85' lang='lat' dir='ltr'><strong>Neque</strong></span> <span class='ocrx_word' id='word_1_161' title='bbox 669 1912 732 1949; x_wconf 79' lang='lat' dir='ltr'><strong>sero</strong></span> <span class='ocrx_word' id='word_1_162' title='bbox 761 1899 873 1950; x_wconf 89' lang='lat' dir='ltr'><strong>otiosum</strong></span> <span class='ocrx_word' id='word_1_163' title='bbox 901 1904 941 1949; x_wconf 90' lang='lat' dir='ltr'><strong>est</strong></span> <span class='ocrx_word' id='word_1_164' title='bbox 968 1896 1116 1966; x_wconf 75' lang='lat' dir='ltr'><strong>epitheton,</strong></span> <span class='ocrx_word' id='word_1_165' title='bbox 1153 1896 1201 1950; x_wconf 89' lang='lat' dir='ltr'><strong>sed</strong></span> 
     </span>
     <span class='ocr_line' id='line_1_17' title="bbox 181 1996 1200 2065; baseline -0.001 -15"><span class='ocrx_word' id='word_1_166' title='bbox 181 2014 239 2051; x_wconf 85' lang='lat' dir='ltr'><strong>curn</strong></span> <span class='ocrx_word' id='word_1_167' title='bbox 258 1998 400 2065; x_wconf 86' lang='lat' dir='ltr'><strong>pretiosos,</strong></span> <span class='ocrx_word' id='word_1_168' title='bbox 429 1996 537 2048; x_wconf 86' lang='lat' dir='ltr'><strong>eximios</strong></span> <span class='ocrx_word' id='word_1_169' title='bbox 561 1996 656 2048; x_wconf 90' lang='lat' dir='ltr'><strong>odores</strong></span> <span class='ocrx_word' id='word_1_170' title='bbox 679 1996 827 2063; x_wconf 83' lang='lat' dir='ltr'><strong>significare</strong></span> <span class='ocrx_word' id='word_1_171' title='bbox 845 1996 922 2059; x_wconf 79' lang='lat' dir='ltr'><strong>veiit‘,</strong></span> <span class='ocrx_word' id='word_1_172' title='bbox 952 2013 985 2050; x_wconf 83' lang='lat' dir='ltr'><strong>ex</strong></span> <span class='ocrx_word' id='word_1_173' title='bbox 1008 1997 1103 2049; x_wconf 77' lang='lat' dir='ltr'><strong>Arabia</strong></span> <span class='ocrx_word' id='word_1_174' title='bbox 1120 1997 1200 2050; x_wconf 84' lang='lat' dir='ltr'><strong>divite</strong></span> 
     </span>
     <span class='ocr_line' id='line_1_18' title="bbox 181 2090 1198 2161; baseline 0.003 -16"><span class='ocrx_word' id='word_1_175' title='bbox 181 2095 304 2148; x_wconf 80' lang='lat' dir='ltr'><strong>advectos</strong></span> <span class='ocrx_word' id='word_1_176' title='bbox 327 2094 404 2158; x_wconf 88' lang='lat' dir='ltr'><strong>dicit,</strong></span> <span class='ocrx_word' id='word_1_177' title='bbox 431 2093 474 2144; x_wconf 87' lang='lat' dir='ltr'><strong>ubi</strong></span> <span class='ocrx_word' id='word_1_178' title='bbox 499 2094 591 2145; x_wconf 84' lang='lat' dir='ltr'><strong>molles</strong></span> <span class='ocrx_word' id='word_1_179' title='bbox 618 2090 733 2145; x_wconf 89' lang='lat' dir='ltr'><strong>homines</strong></span> <span class='ocrx_word' id='word_1_180' title='bbox 760 2092 876 2146; x_wconf 88' lang='lat' dir='ltr'><strong>bonitate</strong></span> <span class='ocrx_word' id='word_1_181' title='bbox 899 2095 966 2161; x_wconf 87' lang='lat' dir='ltr'><strong>soii,</strong></span> <span class='ocrx_word' id='word_1_182' title='bbox 989 2097 1198 2149; x_wconf 84' lang='lat' dir='ltr'><strong>suavissimorum</strong></span> 
     </span>
     <span class='ocr_line' id='line_1_19' title="bbox 181 2190 1198 2259; baseline -0.001 -11"><span class='ocrx_word' id='word_1_183' title='bbox 181 2195 289 2248; x_wconf 92' lang='lat' dir='ltr'><strong>odorum</strong></span> <span class='ocrx_word' id='word_1_184' title='bbox 308 2193 466 2246; x_wconf 78' lang='lat' dir='ltr'><strong>feracissimi.</strong></span> <span class='ocrx_word' id='word_1_185' title='bbox 479 2218 515 2234; x_wconf 95' lang='lat'>-</span> <span class='ocrx_word' id='word_1_186' title='bbox 535 2192 566 2244; x_wconf 88' lang='lat' dir='ltr'><strong>V.</strong></span> <span class='ocrx_word' id='word_1_187' title='bbox 586 2195 674 2257; x_wconf 85' lang='lat' dir='ltr'><strong>5sqq.</strong></span> <span class='ocrx_word' id='word_1_188' title='bbox 700 2190 780 2259; x_wconf 89' lang='lat' dir='ltr'><strong>Ipse</strong></span> <span class='ocrx_word' id='word_1_189' title='bbox 798 2207 875 2245; x_wconf 90' lang='lat' dir='ltr'><strong>suos</strong></span> <span class='ocrx_word' id='word_1_190' title='bbox 894 2193 989 2247; x_wconf 89' lang='lat' dir='ltr'><strong>adsit</strong></span> <span class='ocrx_word' id='word_1_191' title='bbox 1006 2194 1198 2247; x_wconf 87' lang='lat' dir='ltr'><strong>Geniusetc.</strong></span> 
     </span>
     <span class='ocr_line' id='line_1_20' title="bbox 178 2293 1196 2365; baseline -0.003 -18"><span class='ocrx_word' id='word_1_192' title='bbox 178 2296 264 2365; x_wconf 87' lang='lat' dir='ltr'><strong>Supra</strong></span> <span class='ocrx_word' id='word_1_193' title='bbox 288 2295 468 2347; x_wconf 82' lang='lat' dir='ltr'><strong>adventantem</strong></span> <span class='ocrx_word' id='word_1_194' title='bbox 489 2293 566 2346; x_wconf 90' lang='lat' dir='ltr'><strong>deum</strong></span> <span class='ocrx_word' id='word_1_195' title='bbox 584 2293 750 2362; x_wconf 76' lang='lat' dir='ltr'><strong>praesagiens</strong></span> <span class='ocrx_word' id='word_1_196' title='bbox 769 2294 886 2349; x_wconf 77' lang='lat' dir='ltr'><strong>dixerats</strong></span> <span class='ocrx_word' id='word_1_197' title='bbox 914 2293 1004 2360; x_wconf 74' lang='lat' dir='ltr'><strong>venit,</strong></span> <span class='ocrx_word' id='word_1_198' title='bbox 1030 2293 1116 2346; x_wconf 79' lang='lat' dir='ltr'><strong>veniet</strong></span> <span class='ocrx_word' id='word_1_199' title='bbox 1137 2295 1196 2345; x_wconf 86' lang='lat' dir='ltr'><strong>Na-</strong></span> 
     </span>
     <span class='ocr_line' id='line_1_21' title="bbox 178 2393 1198 2465; baseline 0.005 -21"><span class='ocrx_word' id='word_1_200' title='bbox 178 2393 263 2453; x_wconf 72' lang='lat' dir='ltr'><strong>talis5</strong></span> <span class='ocrx_word' id='word_1_201' title='bbox 290 2410 357 2446; x_wconf 88' lang='lat' dir='ltr'><strong>nnnc</strong></span> <span class='ocrx_word' id='word_1_202' title='bbox 381 2397 478 2464; x_wconf 87' lang='lat' dir='ltr'><strong>paratis</strong></span> <span class='ocrx_word' id='word_1_203' title='bbox 502 2394 577 2447; x_wconf 87' lang='lat' dir='ltr'><strong>donis</strong></span> <span class='ocrx_word' id='word_1_204' title='bbox 603 2394 742 2464; x_wconf 82' lang='lat' dir='ltr'><strong>praeclaris</strong></span> <span class='ocrx_word' id='word_1_205' title='bbox 767 2412 876 2465; x_wconf 81' lang='lat' dir='ltr'><strong>precans</strong></span> <span class='ocrx_word' id='word_1_206' title='bbox 899 2403 929 2449; x_wconf 93' lang='lat' dir='ltr'><strong>ut</strong></span> <span class='ocrx_word' id='word_1_207' title='bbox 952 2404 1037 2451; x_wconf 88' lang='lat' dir='ltr'><strong>ratum</strong></span> <span class='ocrx_word' id='word_1_208' title='bbox 1061 2397 1108 2449; x_wconf 81' lang='lat' dir='ltr'><strong>frat</strong></span> <span class='ocrx_word' id='word_1_209' title='bbox 1128 2397 1198 2465; x_wconf 90' lang='lat' dir='ltr'><strong>quod</strong></span> 
     </span>
     <span class='ocr_line' id='line_1_22' title="bbox 178 2491 1198 2562; baseline 0.006 -19"><span class='ocrx_word' id='word_1_210' title='bbox 178 2494 387 2562; x_wconf 70' lang='lat' dir='ltr'><strong>praesagiverint,</strong></span> <span class='ocrx_word' id='word_1_211' title='bbox 414 2494 514 2562; x_wconf 78' lang='lat' dir='ltr'><strong>pergit:</strong></span> <span class='ocrx_word' id='word_1_212' title='bbox 541 2491 603 2561; x_wconf 89' lang='lat' dir='ltr'><strong>ipse&#39;</strong></span> <span class='ocrx_word' id='word_1_213' title='bbox 620 2497 732 2562; x_wconf 79' lang='lat' dir='ltr'><strong>agedum</strong></span> <span class='ocrx_word' id='word_1_214' title='bbox 757 2493 833 2547; x_wconf 88' lang='lat' dir='ltr'><strong>adsit.</strong></span> <span class='ocrx_word' id='word_1_215' title='bbox 878 2497 966 2551; x_wconf 82' lang='lat' dir='ltr'><strong>Quare</strong></span> <span class='ocrx_word' id='word_1_216' title='bbox 992 2497 1063 2549; x_wconf 86' lang='lat' dir='ltr'><strong>nulia</strong></span> <span class='ocrx_word' id='word_1_217' title='bbox 1091 2494 1131 2549; x_wconf 88' lang='lat' dir='ltr'><strong>hic</strong></span> <span class='ocrx_word' id='word_1_218' title='bbox 1156 2503 1198 2550; x_wconf 86' lang='lat' dir='ltr'><strong>est</strong></span> 
     </span>
     <span class='ocr_line' id='line_1_23' title="bbox 178 2592 1194 2662; baseline 0.004 -17"><span class='ocrx_word' id='word_1_219' title='bbox 178 2595 357 2662; x_wconf 81' lang='lat' dir='ltr'><strong>repugnantia.</strong></span> <span class='ocrx_word' id='word_1_220' title='bbox 408 2592 467 2644; x_wconf 88' lang='lat' dir='ltr'><strong>Non</strong></span> <span class='ocrx_word' id='word_1_221' title='bbox 495 2593 621 2647; x_wconf 71' lang='lat' dir='ltr'><strong>assentIor</strong></span> <span class='ocrx_word' id='word_1_222' title='bbox 646 2610 709 2647; x_wconf 77' lang='lat' dir='ltr'><strong>vero</strong></span> <span class='ocrx_word' id='word_1_223' title='bbox 737 2594 981 2658; x_wconf 83' lang='lat' dir='ltr'><strong>Wursnannronro,</strong></span> <span class='ocrx_word' id='word_1_224' title='bbox 1012 2595 1056 2660; x_wconf 94' lang='lat' dir='ltr'><strong>qui</strong></span> <span class='ocrx_word' id='word_1_225' title='bbox 1085 2598 1124 2648; x_wconf 88' lang='lat' dir='ltr'><strong>sic</strong></span> <span class='ocrx_word' id='word_1_226' title='bbox 1148 2612 1194 2648; x_wconf 81' lang='lat' dir='ltr'><strong>ex·</strong></span> 
     </span>
    </p>

    <p class='ocr_par' dir='ltr' id='par_1_5' title="bbox 169 2670 1277 3759">
     <span class='ocr_line' id='line_1_24' title="bbox 175 2670 1277 2765; baseline -0.002 -17"><span class='ocrx_word' id='word_1_227' title='bbox 175 2697 271 2765; x_wconf 84' lang='lat' dir='ltr'><strong>plicat:</strong></span> <span class='ocrx_word' id='word_1_228' title='bbox 308 2696 391 2748; x_wconf 87' lang='lat' dir='ltr'><strong>Poeta</strong></span> <span class='ocrx_word' id='word_1_229' title='bbox 418 2702 553 2763; x_wconf 85' lang='lat' dir='ltr'><strong>postquam</strong></span> <span class='ocrx_word' id='word_1_230' title='bbox 579 2695 787 2748; x_wconf 83' lang='lat' dir='ltr'><strong>dei-adventum</strong></span> <span class='ocrx_word' id='word_1_231' title='bbox 811 2709 890 2762; x_wconf 89' lang='lat' dir='ltr'><strong>supra</strong></span> <span class='ocrx_word' id='word_1_232' title='bbox 917 2693 1124 2761; x_wconf 71' lang='lat' dir='ltr'><strong>praesagitum,</strong></span> <span class='ocrx_word' id='word_1_233' title='bbox 1152 2694 1194 2747; x_wconf 88' lang='lat' dir='ltr'><strong>hie</strong></span> <span class='ocrx_word' id='word_1_234' title='bbox 1271 2670 1277 2683; x_wconf 50' lang='lat'><em>⁶</em></span> 
     </span>
     <span class='ocr_line' id='line_1_25' title="bbox 175 2792 1194 2866; baseline -0.005 -16"><span class='ocrx_word' id='word_1_235' title='bbox 175 2802 249 2866; x_wconf 87' lang='lat' dir='ltr'><strong>optat</strong></span> <span class='ocrx_word' id='word_1_236' title='bbox 271 2802 301 2849; x_wconf 95' lang='lat' dir='ltr'><strong>ut</strong></span> <span class='ocrx_word' id='word_1_237' title='bbox 324 2799 359 2850; x_wconf 90' lang='lat' dir='ltr'><strong>sit</strong></span> <span class='ocrx_word' id='word_1_238' title='bbox 382 2803 496 2851; x_wconf 88' lang='lat' dir='ltr'><strong>ornatus.</strong></span> <span class='ocrx_word' id='word_1_239' title='bbox 534 2796 593 2849; x_wconf 89' lang='lat' dir='ltr'><strong>Hoc</strong></span> <span class='ocrx_word' id='word_1_240' title='bbox 615 2797 682 2849; x_wconf 87' lang='lat' dir='ltr'><strong>enim</strong></span> <span class='ocrx_word' id='word_1_241' title='bbox 707 2797 732 2850; x_wconf 93' lang='lat' dir='ltr'><strong>in</strong></span> <span class='ocrx_word' id='word_1_242' title='bbox 757 2795 923 2863; x_wconf 85' lang='lat' dir='ltr'><strong>sequentibus</strong></span> <span class='ocrx_word' id='word_1_243' title='bbox 949 2792 1052 2845; x_wconf 90' lang='lat' dir='ltr'><strong>demum</strong></span> <span class='ocrx_word' id='word_1_244' title='bbox 1076 2792 1194 2859; x_wconf 64' lang='lat' dir='ltr'><strong>additum</strong></span> 
     </span>
     <span class='ocr_line' id='line_1_26' title="bbox 173 2891 1193 2964; baseline -0.002 -18"><span class='ocrx_word' id='word_1_245' title='bbox 173 2891 327 2949; x_wconf 82' lang='lat' dir='ltr'><strong>hexameter</strong></span> <span class='ocrx_word' id='word_1_246' title='bbox 345 2895 405 2948; x_wconf 88' lang='lat' dir='ltr'><strong>nihii</strong></span> <span class='ocrx_word' id='word_1_247' title='bbox 424 2895 457 2948; x_wconf 92' lang='lat' dir='ltr'><strong>de</strong></span> <span class='ocrx_word' id='word_1_248' title='bbox 478 2902 571 2948; x_wconf 88' lang='lat' dir='ltr'><strong>ornatu</strong></span> <span class='ocrx_word' id='word_1_249' title='bbox 589 2892 675 2947; x_wconf 90' lang='lat' dir='ltr'><strong>habet.</strong></span> <span class='ocrx_word' id='word_1_250' title='bbox 713 2897 831 2964; x_wconf 86' lang='lat' dir='ltr'><strong>Denique</strong></span> <span class='ocrx_word' id='word_1_251' title='bbox 849 2896 986 2948; x_wconf 80' lang='lat' dir='ltr'><strong>lectionem</strong></span> <span class='ocrx_word' id='word_1_252' title='bbox 1005 2893 1073 2961; x_wconf 92' lang='lat' dir='ltr'><strong>quod</strong></span> <span class='ocrx_word' id='word_1_253' title='bbox 1092 2892 1193 2957; x_wconf 85' lang='lat' dir='ltr'><strong>attinet,</strong></span> 
     </span>
     <span class='ocr_line' id='line_1_27' title="bbox 174 2994 1192 3065; baseline -0.005 -17"><span class='ocrx_word' id='word_1_254' title='bbox 174 2998 292 3049; x_wconf 88' lang='lat' dir='ltr'><strong>codicum</strong></span> <span class='ocrx_word' id='word_1_255' title='bbox 310 2998 450 3049; x_wconf 86' lang='lat' dir='ltr'><strong>auctoritas</strong></span> <span class='ocrx_word' id='word_1_256' title='bbox 470 2994 570 3047; x_wconf 81' lang='lat' dir='ltr'><strong>Genios</strong></span> <span class='ocrx_word' id='word_1_257' title='bbox 590 2995 663 3047; x_wconf 80' lang='lat' dir='ltr'><strong>adsit</strong></span> <span class='ocrx_word' id='word_1_258' title='bbox 686 2997 810 3065; x_wconf 86' lang='lat' dir='ltr'><strong>praebet,</strong></span> <span class='ocrx_word' id='word_1_259' title='bbox 835 2996 904 3064; x_wconf 93' lang='lat' dir='ltr'><strong>quod</strong></span> <span class='ocrx_word' id='word_1_260' title='bbox 923 2996 1084 3049; x_wconf 83' lang='lat' dir='ltr'><strong>Hnaonrrrus</strong></span> <span class='ocrx_word' id='word_1_261' title='bbox 1103 3006 1192 3044; x_wconf 87' lang='lat' dir='ltr'><strong>exem·</strong></span> 
     </span>
     <span class='ocr_line' id='line_1_28' title="bbox 174 3089 1192 3160; baseline -0.003 -16"><span class='ocrx_word' id='word_1_262' title='bbox 174 3095 223 3160; x_wconf 89' lang='lat' dir='ltr'><strong>piis</strong></span> <span class='ocrx_word' id='word_1_263' title='bbox 250 3095 372 3147; x_wconf 82' lang='lat' dir='ltr'><strong>detenuit.</strong></span> <span class='ocrx_word' id='word_1_264' title='bbox 407 3095 475 3147; x_wconf 88' lang='lat' dir='ltr'><strong>Vide</strong></span> <span class='ocrx_word' id='word_1_265' title='bbox 502 3096 614 3147; x_wconf 82' lang='lat' dir='ltr'><strong>maxime</strong></span> <span class='ocrx_word' id='word_1_266' title='bbox 641 3096 815 3148; x_wconf 82' lang='lat' dir='ltr'><strong>Sounarnaa.</strong></span> <span class='ocrx_word' id='word_1_267' title='bbox 841 3098 957 3148; x_wconf 82' lang='lat' dir='ltr'><strong>Gramm.</strong></span> <span class='ocrx_word' id='word_1_268' title='bbox 977 3094 1037 3146; x_wconf 84' lang='lat' dir='ltr'><strong>Lat.</strong></span> <span class='ocrx_word' id='word_1_269' title='bbox 1064 3092 1140 3144; x_wconf 79' lang='lat' dir='ltr'><strong>Tom.</strong></span> <span class='ocrx_word' id='word_1_270' title='bbox 1158 3089 1192 3155; x_wconf 93' lang='grc' dir='ltr'><strong>ΙΙ,</strong></span> 
     </span>
     <span class='ocr_line' id='line_1_29' title="bbox 173 3192 1191 3264; baseline -0.003 -17"><span class='ocrx_word' id='word_1_271' title='bbox 173 3213 199 3264; x_wconf 86' lang='lat' dir='ltr'><strong>p.</strong></span> <span class='ocrx_word' id='word_1_272' title='bbox 220 3198 273 3247; x_wconf 74' lang='lat'><strong>745</strong></span> <span class='ocrx_word' id='word_1_273' title='bbox 291 3213 346 3263; x_wconf 86' lang='lat' dir='ltr'><strong>sqq.</strong></span> <span class='ocrx_word' id='word_1_274' title='bbox 370 3197 500 3248; x_wconf 83' lang='lat' dir='ltr'><strong>laudatam</strong></span> <span class='ocrx_word' id='word_1_275' title='bbox 524 3196 575 3248; x_wconf 86' lang='lat' dir='ltr'><strong>iam</strong></span> <span class='ocrx_word' id='word_1_276' title='bbox 600 3210 686 3264; x_wconf 90' lang='lat' dir='ltr'><strong>snpra.</strong></span> <span class='ocrx_word' id='word_1_277' title='bbox 730 3196 902 3250; x_wconf 83' lang='lat' dir='ltr'><strong>Nihilominus</strong></span> <span class='ocrx_word' id='word_1_278' title='bbox 927 3197 1018 3249; x_wconf 91' lang='lat' dir='ltr'><strong>mirum</strong></span> <span class='ocrx_word' id='word_1_279' title='bbox 1044 3192 1114 3261; x_wconf 89' lang='lat' dir='ltr'><strong>quod</strong></span> <span class='ocrx_word' id='word_1_280' title='bbox 1139 3207 1191 3245; x_wconf 92' lang='lat' dir='ltr'><strong>non</strong></span> 
     </span>
     <span class='ocr_line' id='line_1_30' title="bbox 173 3293 1191 3363; baseline -0.002 -15"><span class='ocrx_word' id='word_1_281' title='bbox 173 3293 291 3362; x_wconf 81' lang='lat' dir='ltr'><strong>scripsit:</strong></span> <span class='ocrx_word' id='word_1_282' title='bbox 319 3293 391 3344; x_wconf 78' lang='lat' dir='ltr'><strong>adsit</strong></span> <span class='ocrx_word' id='word_1_283' title='bbox 418 3294 533 3349; x_wconf 76' lang='lat' dir='ltr'><strong>Genius,</strong></span> <span class='ocrx_word' id='word_1_284' title='bbox 559 3295 582 3346; x_wconf 87' lang='lat' dir='ltr'><strong>si</strong></span> <span class='ocrx_word' id='word_1_285' title='bbox 606 3296 672 3348; x_wconf 87' lang='lat' dir='ltr'><strong>ratio</strong></span> <span class='ocrx_word' id='word_1_286' title='bbox 697 3297 841 3348; x_wconf 88' lang='lat' dir='ltr'><strong>sententiae</strong></span> <span class='ocrx_word' id='word_1_287' title='bbox 866 3301 908 3347; x_wconf 84' lang='lat' dir='ltr'><strong>est</strong></span> <span class='ocrx_word' id='word_1_288' title='bbox 926 3303 1050 3363; x_wconf 87' lang='lat' dir='ltr'><strong>utsupra</strong></span> <span class='ocrx_word' id='word_1_289' title='bbox 1069 3294 1191 3362; x_wconf 79' lang='lat' dir='ltr'><strong>explicui.</strong></span> 
     </span>
     <span class='ocr_line' id='line_1_31' title="bbox 169 3394 1191 3464; baseline -0.004 -15"><span class='ocrx_word' id='word_1_290' title='bbox 169 3397 216 3449; x_wconf 85' lang='lat' dir='ltr'><strong>Sic</strong></span> <span class='ocrx_word' id='word_1_291' title='bbox 236 3396 304 3449; x_wconf 87' lang='lat' dir='ltr'><strong>enim</strong></span> <span class='ocrx_word' id='word_1_292' title='bbox 322 3396 360 3447; x_wconf 82' lang='lat' dir='ltr'><strong>ris</strong></span> <span class='ocrx_word' id='word_1_293' title='bbox 380 3396 465 3463; x_wconf 88' lang='lat' dir='ltr'><strong>potior</strong></span> <span class='ocrx_word' id='word_1_294' title='bbox 483 3397 533 3448; x_wconf 90' lang='lat' dir='ltr'><strong>erit</strong></span> <span class='ocrx_word' id='word_1_295' title='bbox 549 3397 576 3449; x_wconf 90' lang='lat' dir='ltr'><strong>in</strong></span> <span class='ocrx_word' id='word_1_296' title='bbox 595 3396 694 3449; x_wconf 81' lang='lat' dir='ltr'><strong>verbis:</strong></span> <span class='ocrx_word' id='word_1_297' title='bbox 718 3395 776 3464; x_wconf 82' lang='lat' dir='ltr'><strong>ipse</strong></span> <span class='ocrx_word' id='word_1_298' title='bbox 793 3421 830 3438; x_wconf 89' lang='lat'><strong>-·</strong></span> <span class='ocrx_word' id='word_1_299' title='bbox 847 3394 929 3447; x_wconf 80' lang='lat' dir='ltr'><strong>adsit.</strong></span> <span class='ocrx_word' id='word_1_300' title='bbox 949 3422 984 3433; x_wconf 89' lang='lat'><em>-</em></span> <span class='ocrx_word' id='word_1_301' title='bbox 1009 3395 1071 3446; x_wconf 83' lang='lat' dir='ltr'><strong>cui</strong></span> <span class='ocrx_word' id='word_1_302' title='bbox 1091 3394 1191 3447; x_wconf 88' lang='lat' dir='ltr'><strong>deco-</strong></span> 
     </span>
     <span class='ocr_line' id='line_1_32' title="bbox 170 3493 1189 3564; baseline 0.001 -18"><span class='ocrx_word' id='word_1_303' title='bbox 170 3504 246 3547; x_wconf 88' lang='lat' dir='ltr'><strong>rent</strong></span> <span class='ocrx_word' id='word_1_304' title='bbox 264 3502 315 3550; x_wconf 84' lang='lat' dir='ltr'><strong>ete.</strong></span> <span class='ocrx_word' id='word_1_305' title='bbox 351 3496 453 3548; x_wconf 83' lang='lat' dir='ltr'><strong>Similia</strong></span> <span class='ocrx_word' id='word_1_306' title='bbox 478 3493 542 3548; x_wconf 83' lang='lat' dir='ltr'><strong>haec</strong></span> <span class='ocrx_word' id='word_1_307' title='bbox 567 3502 593 3548; x_wconf 91' lang='lat' dir='ltr'><strong>et</strong></span> <span class='ocrx_word' id='word_1_308' title='bbox 618 3495 753 3560; x_wconf 82' lang='lat' dir='ltr'><strong>sequentia</strong></span> <span class='ocrx_word' id='word_1_309' title='bbox 778 3496 808 3546; x_wconf 89' lang='lat' dir='ltr'><strong>iia</strong></span> <span class='ocrx_word' id='word_1_310' title='bbox 833 3495 907 3559; x_wconf 88' lang='lat' dir='ltr'><strong>suut&#39;,</strong></span> <span class='ocrx_word' id='word_1_311' title='bbox 932 3511 999 3562; x_wconf 91' lang='lat' dir='ltr'><strong>quae</strong></span> <span class='ocrx_word' id='word_1_312' title='bbox 1024 3510 1101 3564; x_wconf 85' lang='lat' dir='ltr'><strong>supra</strong></span> <span class='ocrx_word' id='word_1_313' title='bbox 1120 3496 1143 3560; x_wconf 93' lang='grc' dir='ltr'><strong>Ι,</strong></span> <span class='ocrx_word' id='word_1_314' title='bbox 1163 3501 1189 3562; x_wconf 75' lang='lat' dir='ltr'><strong>i,</strong></span> 
     </span>
     <span class='ocr_line' id='line_1_33' title="bbox 170 3592 1189 3661; baseline 0.008 -22"><span class='ocrx_word' id='word_1_315' title='bbox 170 3593 213 3640; x_wconf 78' lang='lat'><strong>51.</strong></span> <span class='ocrx_word' id='word_1_316' title='bbox 233 3596 276 3644; x_wconf 77' lang='lat'><strong>52.</strong></span> <span class='ocrx_word' id='word_1_317' title='bbox 299 3594 426 3659; x_wconf 81' lang='lat' dir='ltr'><strong>legimus,</strong></span> <span class='ocrx_word' id='word_1_318' title='bbox 445 3593 492 3646; x_wconf 85' lang='lat' dir='ltr'><strong>sed</strong></span> <span class='ocrx_word' id='word_1_319' title='bbox 511 3600 597 3647; x_wconf 87' lang='lat' dir='ltr'><strong>tameo</strong></span> <span class='ocrx_word' id='word_1_320' title='bbox 616 3608 666 3646; x_wconf 89' lang='lat' dir='ltr'><strong>non</strong></span> <span class='ocrx_word' id='word_1_321' title='bbox 686 3594 763 3661; x_wconf 85' lang='lat' dir='ltr'><strong>plane</strong></span> <span class='ocrx_word' id='word_1_322' title='bbox 782 3592 887 3657; x_wconf 86' lang='lat' dir='ltr'><strong>eadem,</strong></span> <span class='ocrx_word' id='word_1_323' title='bbox 912 3596 980 3660; x_wconf 93' lang='lat' dir='ltr'><strong>quod</strong></span> <span class='ocrx_word' id='word_1_324' title='bbox 999 3598 1078 3649; x_wconf 84' lang='lat' dir='ltr'><strong>nolim</strong></span> <span class='ocrx_word' id='word_1_325' title='bbox 1099 3603 1127 3649; x_wconf 87' lang='lat' dir='ltr'><strong>te</strong></span> <span class='ocrx_word' id='word_1_326' title='bbox 1148 3596 1189 3647; x_wconf 83' lang='lat' dir='ltr'><strong>iu·</strong></span> 
     </span>
     <span class='ocr_line' id='line_1_34' title="bbox 170 3687 1189 3759; baseline 0.008 -23"><span class='ocrx_word' id='word_1_327' title='bbox 170 3687 234 3751; x_wconf 77' lang='lat' dir='ltr'><strong>giat.</strong></span> <span class='ocrx_word' id='word_1_328' title='bbox 269 3690 326 3742; x_wconf 81' lang='lat' dir='ltr'><strong>litis</strong></span> <span class='ocrx_word' id='word_1_329' title='bbox 344 3708 435 3743; x_wconf 85' lang='lat' dir='ltr'><strong>seusus</strong></span> <span class='ocrx_word' id='word_1_330' title='bbox 462 3698 533 3745; x_wconf 89' lang='lat' dir='ltr'><strong>erat:</strong></span> <span class='ocrx_word' id='word_1_331' title='bbox 565 3693 652 3744; x_wconf 76' lang='lat' dir='ltr'><strong>nenias</strong></span> <span class='ocrx_word' id='word_1_332' title='bbox 677 3692 776 3756; x_wconf 89' lang='lat' dir='ltr'><strong>iaetus,</strong></span> <span class='ocrx_word' id='word_1_333' title='bbox 804 3692 873 3742; x_wconf 84' lang='lat' dir='ltr'><strong>laeto</strong></span> <span class='ocrx_word' id='word_1_334' title='bbox 898 3701 1008 3759; x_wconf 86' lang='lat' dir='ltr'><strong>ornatu,</strong></span> <span class='ocrx_word' id='word_1_335' title='bbox 1035 3691 1085 3745; x_wconf 86' lang='lat' dir='ltr'><strong>hoo</strong></span> <span class='ocrx_word' id='word_1_336' title='bbox 1102 3700 1189 3745; x_wconf 87' lang='lat' dir='ltr'><strong>auteur</strong></span> 
     </span>
    </p>
   </div>
   <div class='ocr_carea' id='block_1_5' title="bbox 6 3783 1188 3860">
    <p class='ocr_par' dir='ltr' id='par_1_6' title="bbox 6 3783 1188 3860">
     <span class='ocr_line' id='line_1_35' title="bbox 6 3783 1188 3860; baseline 0.008 -25"><span class='ocrx_word' id='word_1_337' title='bbox 6 3784 7 3793; x_wconf 76' lang='grc'>’</span> <span class='ocrx_word' id='word_1_338' title='bbox 97 3832 105 3843; x_wconf 91' lang='grc'><strong>,</strong></span> <span class='ocrx_word' id='word_1_339' title='bbox 169 3783 244 3837; x_wconf 84' lang='lat' dir='ltr'><strong>ioco:</strong></span> <span class='ocrx_word' id='word_1_340' title='bbox 264 3789 349 3839; x_wconf 85' lang='lat' dir='ltr'><strong>veniat</strong></span> <span class='ocrx_word' id='word_1_341' title='bbox 368 3791 467 3843; x_wconf 87' lang='lat' dir='ltr'><strong>Genius</strong></span> <span class='ocrx_word' id='word_1_342' title='bbox 485 3792 552 3846; x_wconf 83' lang='lat' dir='ltr'><strong>sesto</strong></span> <span class='ocrx_word' id='word_1_343' title='bbox 572 3800 672 3860; x_wconf 84' lang='lat' dir='ltr'><strong>ornatu,</strong></span> <span class='ocrx_word' id='word_1_344' title='bbox 690 3801 769 3860; x_wconf 89' lang='lat' dir='ltr'><strong>atque</strong></span> <span class='ocrx_word' id='word_1_345' title='bbox 788 3791 837 3845; x_wconf 88' lang='lat' dir='ltr'><strong>hue</strong></span> <span class='ocrx_word' id='word_1_346' title='bbox 856 3800 977 3844; x_wconf 86' lang='lat' dir='ltr'><strong>revocata</strong></span> <span class='ocrx_word' id='word_1_347' title='bbox 996 3791 1111 3860; x_wconf 87' lang='lat' dir='ltr'><strong>epitheta</strong></span> <span class='ocrx_word' id='word_1_348' title='bbox 1127 3798 1188 3845; x_wconf 86' lang='lat' dir='ltr'><strong>sunt</strong></span> 
     </span>
    </p>
   </div>
   <div class='ocr_carea' id='block_1_6' title="bbox 168 3887 1188 3961">
    <p class='ocr_par' dir='ltr' id='par_1_7' title="bbox 168 3887 1188 3961">
     <span class='ocr_line' id='line_1_36' title="bbox 168 3887 1188 3961; baseline 0.002 -26"><span class='ocrx_word' id='word_1_349' title='bbox 168 3890 247 3951; x_wconf 85' lang='lat' dir='ltr'><strong>atque</strong></span> <span class='ocrx_word' id='word_1_350' title='bbox 266 3887 317 3937; x_wconf 85' lang='lat' dir='ltr'><strong>alia</strong></span> <span class='ocrx_word' id='word_1_351' title='bbox 336 3888 436 3941; x_wconf 75' lang='lat' dir='ltr'><strong>diversa</strong></span> <span class='ocrx_word' id='word_1_352' title='bbox 455 3892 480 3943; x_wconf 93' lang='lat' dir='ltr'><strong>in</strong></span> <span class='ocrx_word' id='word_1_353' title='bbox 505 3890 543 3944; x_wconf 90' lang='lat' dir='ltr'><strong>his</strong></span> <span class='ocrx_word' id='word_1_354' title='bbox 560 3894 632 3946; x_wconf 88' lang='lat' dir='ltr'><strong>iocis.</strong></span> <span class='ocrx_word' id='word_1_355' title='bbox 674 3894 759 3961; x_wconf 76' lang='lat' dir='ltr'><strong>igitur</strong></span> <span class='ocrx_word' id='word_1_356' title='bbox 779 3908 837 3945; x_wconf 87' lang='lat' dir='ltr'><strong>eum</strong></span> <span class='ocrx_word' id='word_1_357' title='bbox 858 3890 1064 3959; x_wconf 83' lang='lat' dir='ltr'><strong>supradixerit:</strong></span> <span class='ocrx_word' id='word_1_358' title='bbox 1094 3897 1122 3938; x_wconf 86' lang='lat' dir='ltr'><strong>et</strong></span> <span class='ocrx_word' id='word_1_359' title='bbox 1141 3906 1188 3938; x_wconf 82' lang='lat' dir='ltr'><strong>co-</strong></span> 
     </span>
    </p>
   </div>
   <div class='ocr_carea' id='block_1_7' title="bbox 162 3981 1190 4160">
    <p class='ocr_par' dir='ltr' id='par_1_8' title="bbox 162 3981 1190 4160">
     <span class='ocr_line' id='line_1_37' title="bbox 162 3981 1190 4062; baseline 0.009 -29"><span class='ocrx_word' id='word_1_360' title='bbox 162 3981 222 4052; x_wconf 74' lang='lat' dir='ltr'><strong>pire</strong></span> <span class='ocrx_word' id='word_1_361' title='bbox 242 3992 269 4033; x_wconf 84' lang='lat' dir='ltr'><strong>et</strong></span> <span class='ocrx_word' id='word_1_362' title='bbox 290 3982 357 4035; x_wconf 84' lang='lat' dir='ltr'><strong>collo</strong></span> <span class='ocrx_word' id='word_1_363' title='bbox 376 3985 466 4037; x_wconf 81' lang='lat' dir='ltr'><strong>nroilr&#39;a</strong></span> <span class='ocrx_word' id='word_1_364' title='bbox 491 4001 563 4041; x_wconf 82' lang='lat' dir='ltr'><strong>serto</strong></span> <span class='ocrx_word' id='word_1_365' title='bbox 588 4000 683 4062; x_wconf 78' lang='lat' dir='ltr'><strong>gerat,</strong></span> <span class='ocrx_word' id='word_1_366' title='bbox 711 4008 779 4046; x_wconf 87' lang='lat' dir='ltr'><strong>nune</strong></span> <span class='ocrx_word' id='word_1_367' title='bbox 804 3991 907 4045; x_wconf 86' lang='lat' dir='ltr'><strong>meluit:</strong></span> <span class='ocrx_word' id='word_1_368' title='bbox 936 3990 996 4041; x_wconf 84' lang='lat' dir='ltr'><strong>Cui</strong></span> <span class='ocrx_word' id='word_1_369' title='bbox 1022 3988 1190 4042; x_wconf 84' lang='lat' dir='ltr'><strong>decorent</strong></span> 
     </span>
     <span class='ocr_line' id='line_1_38' title="bbox 165 4084 1189 4160; baseline 0.006 -26"><span class='ocrx_word' id='word_1_370' title='bbox 165 4090 307 4138; x_wconf 81' lang='lat' dir='ltr'><strong>sanetas</strong></span> <span class='ocrx_word' id='word_1_371' title='bbox 335 4084 451 4137; x_wconf 82' lang='lat' dir='ltr'><strong>iturea</strong></span> <span class='ocrx_word' id='word_1_372' title='bbox 477 4094 568 4142; x_wconf 87' lang='lat' dir='ltr'><strong>serta</strong></span> <span class='ocrx_word' id='word_1_373' title='bbox 594 4105 723 4155; x_wconf 81' lang='lat' dir='ltr'><strong>comes3</strong></span> <span class='ocrx_word' id='word_1_374' title='bbox 750 4108 835 4160; x_wconf 86' lang='lat' dir='ltr'><strong>neque</strong></span> <span class='ocrx_word' id='word_1_375' title='bbox 856 4091 922 4144; x_wconf 85' lang='lat' dir='ltr'><strong>eninr</strong></span> <span class='ocrx_word' id='word_1_376' title='bbox 942 4089 1031 4144; x_wconf 87' lang='lat' dir='ltr'><strong>dubito</strong></span> <span class='ocrx_word' id='word_1_377' title='bbox 1049 4086 1189 4158; x_wconf 79' lang='lat' dir='ltr'><strong>hiostoreo</strong></span> 
     </span>
    </p>
   </div>
   <div class='ocr_carea' id='block_1_8' title="bbox 0 0 1510 4725">
    <p class='ocr_par' dir='ltr' id='par_1_9' title="bbox 0 0 1510 4725">
     <span class='ocr_line' id='line_1_39' title="bbox 0 0 1510 4725; baseline 0 7"><span class='ocrx_word' id='word_1_378' title='bbox 0 0 1510 4725; x_wconf 95' lang='lat' dir='ltr'><strong> </strong></span> 
     </span>
    </p>
   </div>
  </div>
 </body>
</html>
