3009 4725
263 369 265 380 '
319 423 360 463 xi
733 394 791 457 oa
813 392 933 461 roasi

406 574 503 641 Flava
524 570 636 648 Ceres,
657 568 715 633 tibi
736 568 777 631 sit
798 580 906 632 nostro
929 566 967 631 de
989 590 1064 634 rure
1085 592 1201 638 corona

452 688 579 771 Spicea,
601 706 682 772 quae
702 685 812 766 templi
831 683 968 766 pendeat
991 698 1063 752 aare
1085 689 1187 754 forse:

407 803 611 885 Pomosisque
633 801 732 864 ruber
754 812 857 864 cusms
878 815 1016 883 ponatur
1034 802 1204 883 inbonis,

452 918 584 978 Terreat
604 927 641 977 ut
659 934 750 977 saeva
774 914 853 976 falce
871 916 1004 997 Priapus
1026 938 1109 980 aves.
1213 951 1218 964 ·
1291 991 1295 1000 Ι

408 1031 476 1094 Vos
498 1049 639 1113 quoque,
659 1030 757 1093 felicis
779 1031 939 1113 quondam
962 1032 1211 1115 nune-pauperis
1233 1034 1303 1114 agri·

453 1144 615 1224 ciendos,
635 1144 724 1207 fertis
744 1165 878 1207 munera
898 1160 1018 1228 restra,
1040 1147 1149 1212 Lares.

327 1263 484 1350 Splendor
509 1267 609 1330 cultus
640 1264 740 1330 divini
766 1266 957 1330 luculentior
984 1269 1019 1329 in
1050 1271 1247 1330 urbanorum
1268 1280 1347 1330 tem·

326 1385 454 1464 plorum
485 1380 619 1462 publicis
649 1380 743 1442 sacris
776 1393 807 1446 et
835 1379 1033 1445 sacerdotum
1055 1384 1230 1450 numerosis
1253 1384 1348 1447 colle-

326 1497 401 1577 giis;
439 1495 585 1559 Tibullus
621 1509 724 1559 autem
762 1493 1004 1561 domesticorum
1028 1511 1195 1562 'sacrorum
1225 1499 1348 1581 privata

327 1609 479 1672 solemnia
493 1610 627 1672 maxime
646 1613 779 1688 amabat,
800 1623 837 1672 ut
854 1613 992 1673 natalitia
1012 1614 1150 1674 carmina
1171 1612 1349 1689 ostendunt,

328 1735 360 1786 et
378 1725 531 1786 ruralium
552 1724 740 1805 religionum
762 1724 842 1785 ritus
863 1745 898 1787 ue
921 1722 1043 1804 gauffla.
1093 1724 1196 1803 Quam
1216 1730 1349 1809 pulchre

328 1837 468 1920 depingit
495 1840 573 1903 haec
600 1840 680 1901 festa
707 1857 779 1898 cum
805 1838 906 1919 epulis
930 1839 1076 1901 lucorum
1095 1840 1236 1924 iocisque
1258 1854 1350 1923 pstu-
1433 1895 1437 1898 .

327 1956 464 2019 lantibus
482 1957 633 2022 iuvenum
639 1998 649 2035 ,
672 1955 728 2020 ubi
750 1975 816 2018 non
840 1957 942 2018 rubor
963 1956 1039 2020 vino
1060 1953 1187 2018 madere
1208 1967 1350 2015 errantes

329 2085 360 2140 et
378 2076 460 2136 male
480 2074 564 2136 ferre
585 2071 698 2176 pedes!
741 2070 793 2135 Sic
815 2073 1004 2134 ambas-valia
1026 2091 1084 2130 sua
1106 2068 1253 2130 describit
1265 2068 1305 2145 Il,
1322 2072 1351 2130 1.

328 2199 360 2251 et
387 2190 466 2252 alius
494 2189 598 2251 suavis
627 2188 722 2249 lanius
752 2188 874 2264 generIs
902 2187 989 2246 locus
1018 2195 1064 2244 est
1092 2184 1131 2258 ll,
1159 2185 1188 2259 5,
1218 2188 1259 2242 87
1281 2203 1351 2268 sqq.

327 2303 432 2388 Atque
448 2303 537 2368 haec
565 2297 692 2383 quidem
719 2299 798 2359 leste
827 2309 916 2375 sunt3
947 2296 1072 2375 negotis
1103 2307 1175 2358 aute
1203 2295 1351 2361 vidimus.

329 2415 481 2481 Claudum
496 2434 583 2498 quae
605 2413 694 2474 attuli
714 2412 853 2493 generali
878 2412 1107 2475 observatione.
1149 2412 1188 2472 ln
1212 2431 1352 2494 quonam

329 2534 410 2594 inest
429 2531 543 2590 horum
563 2525 721 2603 omnium,
742 2545 825 2607 quae
849 2523 999 2601 vidimus,
1020 2526 1157 2589 suavitas
1179 2546 1302 2588 ssunma
1322 2539 1353 2589 et

329 2641 517 2727 praestantia
542 2635 713 2701 sectandum
740 2635 926 2703 Tibullum?
970 2642 1007 2701 ln
1037 2639 1232 2723 simplicitate
1260 2662 1353 2724 prae-

330 2759 431 2819 clara:
461 2754 562 2837 qualis
589 2754 674 2815 enim
698 2754 775 2817 olim
803 2753 864 2817 fuit
894 2751 1072 2837 simplicitas
1098 2755 1180 2819 vitae
1206 2756 1353 2836 pulcher·

329 2868 409 2931 rima
430 2869 568 2949 mythico
597 2880 757 2951 tempore,
788 2889 859 2930 cum
889 2866 1030 2929 nondum
1057 2866 1172 2931 divitiis
1196 2868 1353 2930 inhiarem

329 2981 489 3059 homines,
516 2982 611 3045 huius
639 2994 782 3065 superest
803 2979 963 3060 hodieque
987 2977 1158 3041 similitudo
1179 2982 1213 3040 in
1237 2982 1354 3045 rustica

330 3094 411 3175 sita,
435 3096 469 3158 iu
489 3097 614 3160 rusticis
638 3099 796 3170 moribus,
818 3092 966 3172 negotiis,
996 3093 1099 3170 iestis,
1128 3095 1352 3175 voluptatibus,

331 3211 596 3298 quemadmodum
623 3212 686 3273 iam
712 3207 893 3270 adolescens
921 3206 1067 3269 Tibullus
1096 3210 1216 3289 egregie
1246 3211 1352 3292 sensit,

331 3352 403 3393 cum
430 3331 564 3413 primam
594 3325 721 3403 elegiam
750 3343 839 3385 suam
868 3320 912 3407 (1,
940 3319 1003 3404 10.)
1034 3323 1194 3386 scriberet.
1246 3326 1353 3409 Atque

328 3445 425 3509 huius
447 3441 556 3504 idealis
576 3437 780 3518 simplicitatis
800 3439 905 3522 imago
932 3450 968 3499 ut
990 3436 1096 3499 animo
1120 3438 1206 3499 Albii
1228 3439 1353 3520 penitus

330 3559 497 3632 insidebat,
524 3554 569 3617 ita
595 3551 859 3637 descriptionibus
885 3554 970 3617 ruris
994 3553 1124 3636 poeticis
1150 3555 1217 3616 eius
1246 3556 1354 3618 subest

331 3671 486 3737 omnibus.
528 3665 689 3731 Addamus
706 3666 842 3753 denique
857 3667 943 3752 quod
963 3670 1066 3733 solum
1086 3668 1137 3731 hie
1156 3680 1252 3730 restat
1268 3687 1352 3730 com·

329 3781 584 3865 memorandum,
614 3785 845 3868 oppositionem
867 3785 994 3848 militiae
1018 3784 1156 3868 bellique
1183 3781 1252 3845 dico
1277 3802 1352 3845 vere

330 3897 555 3979 Tibulliauam,
585 3912 623 3964 ut
642 3903 827 3966 absolvatur
847 3914 957 3966 totum.
1006 3900 1128 3981 Nempe
1151 3909 1244 3978 poeta
1265 3917 1352 3977 egre·

330 4015 379 4097 gis
399 4016 462 4079 iam
482 4017 515 4078 in
539 4017 641 4098 primo
663 4020 801 4083 carmine
819 4012 866 4103 (1,
889 4013 966 4100 10.),
989 4012 1218 4095 cumprimum
1241 4028 1352 4071 avoca·

330 4141 418 4194 retur
441 4127 481 4191 ad
501 4127 655 4210 stipendia
676 4130 842 4207 merenda,
871 4130 1003 4211 opponit
1025 4127 1085 4193 sibi
1110 4127 1184 4189 belli
1212 4124 1352 4206 pericula
