3009 4725
493 281 604 348 Lien.
624 282 681 348 111.
721 282 843 349 Eunu.
864 287 921 351 1v.
1145 291 1204 358 iil

189 460 226 517 de
250 477 302 531 qua
328 457 408 515 etlam
426 455 453 510 lu
469 454 658 510 Dissertatlcne
675 454 709 510 da
725 457 805 512 Poeni
823 456 921 514 Tibulli
938 459 1063 518 monitum
1080 466 1203 531 quantum

182 565 219 619 ibi
238 564 311 619 satis.

253 663 305 715 Est
322 659 373 715 boc
400 673 507 714 armen
530 660 635 714 mcum
659 660 728 714 iuter
744 665 866 731 poemata
888 661 1035 732 Lygdum,
1059 662 1129 732 quod
1146 668 1202 718 tres

185 763 286 831 elegiae
311 768 401 833 partes
429 762 602 831 principales,
629 762 782 829 exordium,
807 764 922 819 medium
947 781 1066 833 carmen,
1094 766 1202 832 exilum,

183 877 257 916 more
274 862 423 914 'libuliiauo
440 860 562 913 distincte
579 859 675 914 divisus
692 858 787 928 babet,
812 878 900 931 neque
917 868 1003 918 tamen
1022 869 1111 917 cetera
1129 863 1200 932 pari-

184 970 227 1018 ter
243 963 294 1016 arti
310 961 409 1014 Tibulli
425 959 519 1013 similia
535 963 605 1012 suut.
640 959 759 1013 Primum
777 960 847 1026 quod
865 968 907 1014 est
920 962 1056 1017 consilium
1074 962 1196 1029 elegiaci

182 1062 234 1115 Est
251 1060 321 1115 haud
338 1060 416 1114 dubie
441 1058 527 1126 idem,
551 1057 622 1127 qnod
646 1059 861 1114 antecedentibus
884 1062 992 1117 subesse
1018 1063 1147 1131 vidimus,
1170 1068 1200 1116 ut

185 1161 299 1229 puellum
325 1159 496 1212 abalienatam
521 1163 629 1212 revocet
651 1157 685 1210 ad
713 1173 752 1212 se.
797 1157 834 1211 Et
860 1174 928 1213 nuno
951 1161 1055 1228 quidem
1080 1178 1139 1217 curn
1163 1163 1198 1216 de

185 1258 309 1326 coningio
330 1259 383 1312 alio
409 1258 521 1325 cogitari
548 1256 707 1322 audivisset,
736 1257 764 1309 in
791 1259 893 1311 somnio
913 1259 988 1311 linxit
1010 1259 1061 1312 sibi
1085 1276 1140 1313 rem
1165 1260 1199 1314 ab

186 1358 308 1427 Apolline
325 1358 484 1422 nuntiatam,
503 1372 611 1427 sperans
628 1356 678 1411 boc
696 1358 826 1412 iuuentem
845 1374 964 1426 magnam
981 1359 1033 1413 vim
1051 1357 1198 1414 habiturum

185 1459 212 1511 in
229 1458 366 1512 Neaeram.
401 1456 455 1511 Sed
482 1457 523 1512 iric
547 1474 599 1513 nou
623 1459 753 1529 reputavit
776 1460 834 1513 lere
857 1460 990 1527 negotium
1008 1460 1086 1512 tribui
1105 1459 1197 1528 insigni

187 1557 257 1622 dao;
275 1559 395 1622 oracula,
412 1558 525 1624 monita,
542 1559 625 1612 miuus
642 1558 836 1628 exspectaveris
853 1558 886 1611 ab
904 1557 1040 1626 Apolline,
1058 1571 1109 1609 uon
1128 1558 1197 1623 quod

186 1654 309 1709 facillime
334 1656 438 1710 aliunde
466 1657 590 1725 cognosci
617 1663 737 1728 poterat,
767 1658 811 1712 alii
838 1656 938 1710 nubere
963 1655 1030 1709 uelle
1056 1653 1194 1708 Neaeram.

181 1753 289 1807 Notavit
306 1755 358 1808 iam
379 1754 510 1810 Hamus
530 1757 622 1810 vitium
641 1757 803 1811 inventionis.
846 1757 946 1822 Porro,
971 1754 995 1808 si
1016 1769 1107 1808 revere
1123 1768 1197 1807 com·

181 1868 287 1908 morere
312 1856 423 1924 pueliam
451 1856 588 1926 cupiebat,
616 1856 707 1910 credas
731 1854 799 1909 buno
823 1855 852 1909 ln
876 1855 981 1909 metium
1003 1853 1123 1908 adornari
1149 1853 1195 1906 de-

181 1950 271 2005 buisse
286 1960 480 2042 argumentum,
498 1961 529 2008 ut
546 1959 608 2024 post
625 1955 752 2007 somnium
770 1961 901 2009 narratum
919 1954 1079 2008 describeret
1096 1954 1194 2007 luctum

178 2052 328 2123 ingentem,
346 2071 424 2123 quem
441 2054 484 2110 irio
501 2057 605 2109 nuntius
622 2056 672 2109 sibi
688 2055 826 2110 attulisset.
862 2055 1002 2109 Habuisset
1021 2055 1102 2122 igitur
1120 2070 1192 2108 conn-

180 2155 275 2221 poaitio
292 2154 357 2208 duaa
374 2162 473 2225 partes,
490 2171 600 2223 quarum
616 2156 699 2209 nitere
716 2157 890 2210 narrationem
908 2155 1034 2225 Apollinis
1052 2153 1193 2219 exhiberet,

178 2256 263 2306 altera
279 2255 384 2308 dolores
401 2255 463 2309 iude
485 2261 564 2308 ortos
600 2254 720 2309 Exordio
737 2261 765 2309 et
783 2254 872 2322 exitu,
897 2260 928 2309 ut
949 2255 1078 2320 nuncii,
1101 2252 1195 2321 impio·

178 2352 231 2405 rari
245 2358 366 2421 poterant
381 2353 418 2406 dii
434 2358 466 2406 ut
483 2360 630 2409 averterent
646 2355 747 2409 tristem
764 2371 828 2413 rem.
864 2355 919 2411 Sed
936 2354 999 2424 quid
1018 2352 1081 2409 lacit
1094 2350 1194 2423 poetri

180 2452 264 2504 Unice
283 2459 427 2520 occupatur
444 2453 545 2506 somnio
562 2453 748 2522 describendo,
774 2456 884 2510 niteram
901 2472 965 2511 vero
980 2473 1067 2511 rerum
1085 2459 1193 2524 purtem,

180 2564 257 2617 quam
274 2549 342 2617 dlxi,
364 2552 441 2620 plane
459 2552 561 2618 omisit,
585 2568 636 2607 nou
652 2555 698 2609 iile
716 2557 831 2609 sentiens
849 2554 911 2622 quid
928 2557 1043 2624 postulet
1061 2558 1193 2609 concinni·

180 2655 237 2718 tas,
262 2667 348 2721 neque
373 2652 481 2707 idonens
505 2654 624 2709 sensibus
648 2657 726 2711 animi
752 2657 874 2712 disertius
897 2654 1082 2708 describendis.
1126 2653 1192 2708 Erat

179 2767 242 2805 vero
260 2754 337 2807 etiam
360 2754 411 2807 alia
427 2754 509 2809 lorma
533 2758 710 2825 tractationis,
735 2774 803 2826 quse
825 2756 885 2810 boio
902 2760 1058 2824 argumento
1076 2750 1192 2806 adhiberi

179 2858 295 2921 poterat,
321 2854 344 2907 si
362 2854 397 2907 ad
415 2853 594 2911 deterrendum
611 2874 627 2910 a
645 2858 780 2928 proposito
797 2857 927 2911 Neaeram
945 2855 1031 2909 omnia
1050 2868 1191 2921 compone-

178 2951 232 3008 bat.
267 2954 314 3006 Sic
330 2953 358 3006 in
382 2955 465 3024 prima
483 2962 558 3024 parte
583 2956 750 3027 proponenda
769 2955 861 3010 lumset
882 2955 941 3008 irati
960 2954 1001 3008 dei
1019 2955 1121 3019 inrogo,
1147 2954 1191 3019 qui

176 3051 211 3103 ad
228 3052 310 3106 minas
328 3054 443 3121 veniret,
469 3061 497 3108 et
520 3055 622 3110 rideres
642 3055 844 3125 descriptionem
867 3053 945 3108 divini
963 3051 1064 3106 babitus
1082 3066 1133 3104 nou
1151 3051 1190 3103 iu·

177 3150 281 3217 utilem,
306 3151 355 3205 sed
377 3159 482 3223 aptam,
510 3170 577 3223 quae
602 3154 671 3209 iusta
694 3172 755 3226 pars
779 3162 849 3209 esset
872 3154 954 3208 totius
970 3152 1105 3219 carminis,
1132 3166 1191 3206 cunr

176 3258 244 3311 quae
270 3259 339 3299 nnuc
366 3245 409 3301 bic
434 3250 532 3317 legitur
558 3249 756 3320 pulchritudinis
784 3249 887 3305 divinae
914 3251 987 3318 laus,
1016 3246 1077 3301 nibil
1109 3249 1191 3317 prosit

174 3358 276 3399 summo
294 3346 404 3400 consilio
420 3349 549 3402 carminis.
591 3348 622 3401 In
639 3351 721 3402 alteru
738 3354 826 3404 autem
843 3354 917 3419 parte
936 3348 1015 3402 verba
1038 3362 1129 3401 severa
1146 3346 1187 3400 dei

173 3443 207 3495 ad
223 3444 354 3501 Neaeram
374 3453 403 3500 et
420 3450 506 3502 minae
523 3446 694 3515 haberentur,
712 3450 734 3501 sl
753 3448 830 3504 tidem
848 3448 950 3503 falleret
966 3454 993 3503 et
1010 3448 1054 3503 eiii
1069 3448 1187 3503 nuberet,

173 3538 316 3599 Exordium
342 3554 512 3618 praepararet
538 3553 623 3601 totum
650 3553 677 3600 et
701 3548 831 3604 nuntiaret
855 3566 906 3605 non
931 3552 1036 3622 impune
1060 3551 1190 3605 contemni

173 3637 349 3698 iusiurandum
367 3655 396 3701 et
412 3651 495 3704 minas
514 3649 639 3715 deornm,
656 3650 742 3704 exitus
761 3667 824 3706 vero
840 3657 900 3705 vola
918 3650 1025 3706 baberet
1041 3657 1071 3703 ut
1088 3651 1189 3702 obteru-

174 3748 278 3804 Wmi
296 3746 392 3811 lmen!-
425 3753 482 3806 Sed
501 3753 581 3807 eiiam
605 3752 644 3806 hi!
662 3752 700 3805 itit
725 3754 867 3813 tractandis
884 3754 967 3821 impar
984 3751 1063 3804 inerit
1081 3748 1190 3817 Lygdo·

174 3846 246 3900 mus,
265 3839 340 3891 euius
359 3846 414 3897 tota
432 3852 521 3917 poesia
539 3852 618 3919 ienis,
643 3866 693 3905 non
712 3871 825 3920 „moga
843 3858 870 3907 st
886 3850 980 3919 gravis.
1017 3852 1051 3902 At
1068 3849 1135 3903 euim
1152 3848 1193 3901 di-

174 3937 217 3986 cat
236 3935 318 4002 alins,
336 3941 399 4006 quid
417 3946 439 3997 si
456 3950 513 4016 ipsa
530 3953 636 4007 ienitate
658 3959 686 4007 et
706 3958 848 4032 dulcedius
866 3963 952 4006 rerum
969 3962 1130 4001 commorere
1146 3963 1195 4000 no-

178 4035 226 4090 luit
243 4037 382 4105 puellam?
419 4044 546 4113 Apollinis
569 4051 670 4109 babitus
692 4064 774 4151 top,¹1⁵
795 4057 880 4131 mavis
898 4056 925 4105 ct
941 4046 1020 4101 verba
1039 4047 1123 4100 mollin
1142 4045 1199 4099 dni·
