3009 4725
314 443 383 485 curt
724 420 782 484 DE
806 417 927 487 POESI

312 596 406 658 nibus
426 591 693 677 frequentissime,
714 605 745 654 et
766 591 854 656 vides
877 612 961 655 nunc
983 588 1131 672 disticha,
1158 614 1243 656 nunc
1266 617 1336 660 ver-

312 730 365 775 sus
386 707 608 787 distichorum,
635 726 719 768 nunc
746 707 888 768 membra
911 726 1061 770 versuum
1083 707 1142 768 bac
1166 708 1266 787 figura
1288 707 1336 769 di-

310 823 423 885 stincta
446 839 597 898 nervose3
629 817 699 880 talis
722 819 814 880 etiam
836 820 959 900 elegans
985 819 1020 881 in
1041 832 1237 902 pentametro
1259 843 1335 884 usus

313 949 359 999 est
378 935 446 999 hic:

438 1042 619 1127 Despiciam
640 1041 735 1122 dites,
767 1042 1000 1128 despiciamque
1019 1046 1147 1109 famem.

436 1157 598 1222 Deficiunt
618 1170 715 1235 artes,
745 1155 956 1242 deficiuntque
978 1158 1054 1224 doli.

439 1272 616 1353 Cespitibus
634 1289 773 1350 mensas,
794 1271 1026 1355 cespitibusque
1049 1286 1163 1337 torum.

311 1397 374 1462 Sed
395 1397 586 1461 veniendum
608 1396 647 1460 ad
677 1400 736 1460 alia
758 1411 814 1462 est.
867 1399 1013 1463 Vidimus
1041 1422 1133 1463 usum
1154 1405 1333 1484 anaphorae

309 1514 345 1575 in
367 1511 588 1591 divisionibus,
607 1524 710 1593 potest
726 1534 804 1576 vero
825 1535 862 1575 ea
884 1515 975 1575 etiam
997 1521 1025 1575 in
1047 1516 1264 1598 omplsficotione
1281 1541 1334 1600 per

309 1630 410 1689 siculis
429 1629 534 1689 locum
554 1627 682 1703 habere,
705 1648 801 1710 quam
821 1626 896 1707 dixi,
919 1628 976 1690 ubi
998 1627 1123 1692 additur
1140 1632 1335 1695 antecedenti

312 1739 452 1803 eiusdem
474 1738 560 1822 quod
582 1743 622 1802 sit
642 1740 824 1803 sententiae.
866 1739 918 1803 Sic
939 1742 971 1803 in
992 1743 1072 1805 hoc:

396 1854 471 1918 Non
496 1875 552 1934 ego
574 1853 682 1917 firmus
705 1855 740 1916 in
764 1854 841 1933 hoc,
869 1876 936 1920 non
956 1857 1033 1919 haec
1057 1857 1208 1938 patientia
1226 1869 1334 1920 nostro

440 1967 582 2049 Ingenio.
1145 1955 1149 1966 ⁶

313 2081 406 2159 Quod
428 2104 487 2164 per
502 2103 535 2145 se
557 2084 685 2145 clarum.
726 2083 823 2147 Aliud
845 2084 907 2147 boc
929 2095 992 2148 est:

398 2199 481 2259 Tum
503 2197 611 2261 caedes
632 2198 795 2261 hominum
817 2198 939 2321 genesi,
968 2207 1035 2257 tum
1057 2194 1177 2277 proelia
1200 2207 1288 2268 nata,

438 2311 521 2374 Tum
543 2311 672 2376 brevior
692 2308 779 2372 dirae
801 2320 911 2371 mortus
933 2320 1041 2389 aperta
1061 2306 1113 2372 via
1133 2318 1191 2370 est.

312 2443 518 2522 Perspicuum
541 2454 587 2504 est
608 2462 673 2503 non
690 2439 789 2504 dividi
810 2441 861 2502 hic
878 2453 978 2503 totum
999 2442 1034 2503 in
1055 2452 1169 2521 partes,
1190 2437 1244 2501 sed
1261 2460 1333 2500 cum

313 2554 421 2618 caedes
449 2554 535 2617 domi
562 2554 752 2637 militiaeque
774 2553 867 2632 fiant,
898 2567 973 2636 post
999 2555 1175 2636 generalius
1200 2556 1333 2615 verbum
1393 2576 1398 2585 ·

313 2683 468 2732 crescente
491 2669 606 2733 affectu
627 2655 792 2750 specialius
812 2670 913 2750 ponit,
935 2665 1022 2752 quod
1041 2670 1214 2732 maximum
1235 2688 1333 2747 genus

312 2781 414 2846 caedis
435 2781 584 2864 designet.
634 2782 798 2844 Postremo
821 2782 882 2844 alio
913 2779 1008 2844 modo
1029 2793 1128 2844 totam
1151 2781 1334 2842 sententiam

312 2892 418 2959 denno
446 2893 549 2957 reddit
578 2907 774 2976 pentameter
800 2896 988 2974 generalius.
1044 2893 1107 2956 Sed
1135 2896 1222 2957 iuvat
1249 2894 1333 2954 hunc

310 3029 512 3094 progressum
543 3007 722 3090 anaphoras
742 3027 828 3069 nunc
849 3028 868 3068 a
890 3006 1078 3087 generaliori
1100 3006 1140 3068 ad
1161 3009 1333 3088 specialius,

311 3146 396 3187 nunc
418 3146 438 3184 a
458 3122 586 3202 speciali
606 3118 646 3184 ad
659 3121 834 3200 generalius
852 3121 1021 3182 notabilem
1038 3119 1187 3202 persequi
1205 3118 1333 3181 uberius

304 3236 477 3319 *exemplis
518 3235 614 3316 igitur
630 3232 783 3296 sententia
798 3234 974 3312 generalior
993 3253 1052 3314 per
1065 3231 1334 3315 amplificationem

314 3353 488 3433 explicatur
509 3347 673 3429 specialius
694 3367 765 3407 cum
789 3347 951 3428 anaphora
972 3345 1034 3408 sic:

397 3464 468 3543 Spes
490 3461 545 3521 alit
565 3460 730 3541 agricolas,
758 3461 828 3543 Spes
848 3459 941 3520 sulcis
963 3457 1061 3521 credit
1082 3455 1175 3518 aratis

442 3570 584 3650 Semina,
611 3593 693 3657 quae
711 3592 824 3652 magno
846 3571 978 3634 foenore
997 3568 1108 3634 reddat
1129 3588 1211 3646 ager.

401 3745 476 3806 Hinc
494 3751 526 3803 et
546 3741 699 3802 fentineus
723 3739 815 3802 labor
837 3752 896 3817 est,
923 3741 986 3801 hino
1007 3757 1106 3819 pensa
1127 3737 1277 3816 colusque

442 3854 545 3918 Fusus
568 3866 600 3916 et
620 3853 764 3935 apposito
786 3853 900 3934 pollice
921 3865 1025 3917 versat
1046 3871 1138 3934 opus.

314 3978 359 4039 Ac
382 3978 513 4039 dividatur
542 3977 634 4039 etiam
663 3976 805 4058 specialis
833 3977 987 4041 sententia
1014 3976 1160 4059 pluribus
1181 3969 1339 4044 membris,

315 4101 358 4152 ut'
374 4110 432 4172 par
453 4101 517 4151 ests
973 4090 976 4094 ’
