3009 4725
317 408 358 469 56
557 404 838 474 columma.
858 409 905 474 ΙΝ
926 410 1100 479 TIBULLI

318 589 363 630 ιιι
380 574 402 642 1,
421 579 447 643 4,
467 579 521 643 ιιι,
533 575 655 649 fundere
672 596 711 650 pr.
730 580 886 652 perfundere
903 582 926 650 i,
944 589 970 650 i,
987 588 1041 651 ou,
1062 601 1173 656 pressea
1191 589 1225 655 11,
1245 594 1272 658 1,
1290 596 1335 647 lt.

317 689 357 743 pr.
380 690 534 743 expressos,
554 676 663 731 miscear
681 678 716 745 11,
736 683 763 745 i,
780 683 825 734 do·
847 694 887 750 pr.
906 681 1064 749 admoueat,
1088 681 1162 736 redet
1179 700 1220 754 pn.
1238 677 1336 743 aeaidet

316 773 363 839 iv,
381 776 407 839 l,
424 778 468 829 ιο.
505 775 583 831 idda
594 795 687 849 praeeo
704 794 743 849 pr.
762 781 889 850 impreaao
906 782 953 847 lv,
974 786 1121 847 1,161.-
1141 783 1172 837 V.
1190 785 1234 836 ol.
1253 783 1335 840 Num

285 908 295 927 0
315 873 465 928 Venaria
482 891 626 945 magnae
643 895 698 947 ιιι.
735 879 846 936 Dixerat
863 882 888 934 in
907 880 998 934 Deliae
1016 896 1104 935 amore
1121 896 1166 947 ae,
1183 881 1207 934 ai
1225 896 1333 936 ueceaee

314 973 365 1039 ait,
380 976 423 1028 vel
442 984 621 1046 paupertatem
638 980 750 1034 tolerare
769 997 863 1050 pomer
887 996 956 1036 nuuc
973 983 1052 1036 etiam
1071 984 1223 1052 expiatorila
1239 981 1333 1036 ritibus

314 1073 457 1132 durlneimla
475 1080 593 1134 omnibua
610 1080 752 1160 subeundis
769 1098 799 1136 aa
817 1088 934 1151 paralum
953 1083 1026 1151 dicit,
1043 1085 1067 1137 ai
1086 1084 1155 1138 lorte
1171 1084 1207 1137 dii
1225 1091 1333 1155 pearato

211 1179 215 1188 '
313 1179 402 1248 aliquo
420 1180 478 1236 irati
494 1180 663 1235 adversentur
679 1183 737 1236 albi.
781 1183 864 1238 Video
889 1200 985 1238 nexum
1011 1193 1111 1241 oenum
1134 1191 1163 1240 et
1185 1188 1282 1241 olamm
1306 1193 1334 1240 et

313 1278 480 1333 nullomodo
499 1280 615 1332 lacunam
634 1279 805 1347 statuendam,
824 1287 854 1335 ιιι
871 1283 1024 1351 quibusdum
1042 1285 1141 1351 visum
1159 1290 1200 1338 eat
1215 1284 1256 1337 hio
1271 1298 1333 1351 gra·

314 1377 385 1434 dutio
401 1379 580 1449 pulcherrima,
599 1388 687 1451 poeta,
704 1384 731 1436 ln
750 1399 803 1451 quo
821 1389 863 1438 eat
879 1401 975 1453 magno
992 1386 1070 1440 animi
1088 1393 1169 1452 motu,
1187 1401 1255 1440 uuna
1272 1387 1331 1440 iou·

312 1477 372 1544 gion
394 1477 553 1547 procedente
571 1486 650 1547 atque
668 1481 746 1534 etiam
765 1480 919 1537 humillimae
937 1485 1140 1554 snpplloatiouea
1159 1484 1283 1550 deorum,
1308 1485 1332 1537 ai

312 1591 380 1646 opua
393 1577 436 1643 ait,
453 1577 588 1645 offerente,
606 1584 636 1632 ut
653 1578 706 1632 iam
722 1576 785 1632 nihil
799 1596 858 1634 eaaa
871 1589 1004 1651 appareat,
1021 1582 1091 1651 quod
1110 1597 1158 1651 pro
1177 1579 1226 1636 hoo
1243 1595 1334 1635 amore

312 1674 381 1731 lorea
398 1685 509 1731 recurat.
546 1679 582 1730 At
596 1677 732 1731 transitum
749 1675 893 1733 derideret.
927 1679 1074 1733 Particulaa
1088 1680 1239 1749 copulantur
1254 1679 1334 1734 etlam

312 1791 337 1830 ι.
355 1780 401 1832 ui.
425 1791 478 1830 non
503 1776 603 1842 uldini,
628 1782 720 1844 eatque
738 1774 781 1830 hie
798 1775 986 1846 pulcherrimus
1004 1776 1080 1832 lrulua
1098 1779 1198 1846 elegiae
1214 1778 1333 1844 affectui,

312 1873 417 1928 uitalia
432 1879 581 1928 oontemnat
598 1879 686 1943 poeta.
724 1874 899 1942 Cogitationis
916 1883 1003 1930 autem
1020 1892 1111 1931 eumne
1128 1893 1181 1931 ιιι
1198 1878 1331 1932 obscurus.

310 1972 378 2027 Pori
394 1988 425 2025 ea
443 1987 511 2040 queo
535 1971 601 2025 dixit
618 1980 695 2039 anie,
723 1989 783 2027 oum
807 1971 970 2028 nihilomiuus
992 1957 1097 2029 elautae
1114 1978 1234 2028 maneant
1251 1972 1329 2036 lorea,

310 2076 418 2140 repente
436 2086 496 2124 num
515 2071 589 2136 ιιιιι,
607 2072 652 2138 ιιι,
671 2071 779 2125 deorum
797 2071 905 2137 incurri,
923 2078 952 2124 ut
969 2074 1056 2126 irritae
1070 2087 1148 2126 vocer
1165 2087 1238 2124 meae
1256 2070 1328 2124 ninii

311 2175 397 2244 Atque
415 2172 452 2228 ita
470 2172 538 2226 viam
556 2172 605 2228 albi
624 2173 724 2244 parauit
741 2173 819 2225 etiem
837 2173 1007 2225 luculentiore
1023 2172 1101 2225 modo
1119 2185 1233 2225 umorem
1252 2186 1328 2226 auum

310 2274 445 2344 probandi.
482 2272 549 2330 Nam
574 2271 642 2328 huno
666 2273 771 2344 quidem
796 2286 830 2324 ιι
854 2270 943 2324 dubita
966 2272 1043 2323 linem
1069 2283 1126 2323 eaeo
1151 2286 1204 2337 quo
1229 2272 1328 2339 tendat,

311 2387 370 2426 cum
393 2379 464 2427 totua
483 2374 554 2428 locua
572 2373 718 2447 octenario
736 2388 795 2425 oum
813 2372 934 2425 universo
958 2370 1066 2424 oonsilio
1084 2372 1203 2426 carminis
1222 2374 1327 2442 oouapi-

309 2486 369 2526 rara
392 2487 476 2539 eoquo
500 2474 548 2529 uiti
572 2473 675 2528 debeat
711 2475 773 2530 Quo
798 2487 850 2526 non
876 2474 939 2526 satie
963 2472 1108 2528 attendunt
1120 2474 1232 2541 quidam.
1267 2474 1328 2529 Non

310 2571 378 2627 enlm
395 2571 458 2625 iilud
477 2577 575 2627 tuntum
593 2573 619 2626 iu
642 2570 859 2642 explicationibus
881 2570 1028 2628 huiuamodi
1044 2573 1234 2640 quaerendum,
1261 2588 1330 2640 quo-

309 2671 387 2725 modo
411 2671 521 2742 acrlptor
544 2672 705 2739 cogitatione
729 2671 764 2725 ab
788 2669 1001 2727 antecedentibua
1026 2670 1059 2723 ad
1083 2673 1218 2739 aequentln
1240 2672 1328 2726 venire

310 2771 441 2841 potuerit,
467 2787 624 2842 quamquem
641 2773 795 2841 pierumque
813 2771 969 2841 interpretea
988 2770 1036 2827 luao
1054 2774 1204 2843 quaestione
1222 2775 1327 2843 aoqule-

309 2889 383 2929 acere
402 2873 487 2939 uideo,
503 2871 550 2925 aed
569 2872 646 2924 eiiam
661 2888 713 2939 quo
731 2871 854 2926 interiore
873 2887 943 2927 nexu
961 2872 1035 2926 locun
1052 2874 1162 2941 quiaque
1180 2890 1238 2927 cum
1257 2890 1327 2928 aum·

308 2989 351 3028 ma
368 2973 489 3028 carmiuia
509 2969 657 3025 cohaereat.
701 2971 841 3027 Tmualtua
867 2988 916 3041 per
940 2988 970 3026 ae
991 2979 1071 3026 tenue
1095 2973 1206 3027 luicrum
1230 2978 1271 3025 ιιι
1295 2972 1327 3025 ad

308 3080 392 3128 totum
410 3073 522 3140 aliquem
540 3072 625 3125 locum
650 3072 862 3139 sustentandum
889 3073 934 3124 lile
952 3079 1039 3126 nutem
1057 3072 1165 3129 interior
1182 3086 1265 3125 ueaua
1283 3071 1327 3123 ubi

308 3172 397 3238 adeat,
422 3172 499 3225 etiam
524 3167 660 3237 abruptior
683 3173 771 3240 puteat
795 3183 855 3222 eane
880 3170 1018 3236 ιιιιιίιιιι,
1043 3175 1074 3221 ut
1092 3169 1121 3222 in
1139 3169 1235 3222 affectu
1253 3170 1283 3221 lli
1300 3173 1328 3220 et

308 3271 458 3326 sublimiore
482 3268 556 3339 poeni
579 3268 694 3323 Pindari.
737 3268 793 3324 Sed
811 3269 875 3325 haeo
893 3269 1025 3324 hactenus.
1046 3295 1078 3310 -
1108 3268 1229 3333 verbo,
1258 3267 1325 3334 quod

307 3369 465 3440 imprudenti
483 3367 543 3423 milri
563 3367 700 3423 exciderit.
736 3368 824 3421 Recte
850 3378 939 3422 monol
957 3368 1198 3421 Wunnuumcnnua
1216 3380 1266 3417 non
1284 3364 1325 3415 iu·

307 3469 461 3537 telllgenrlaa
479 3469 651 3540 blasphemiae
669 3467 694 3523 u.
712 3470 740 3535 ι,
757 3469 847 3537 qualo
865 3467 930 3521 tarra
949 3467 997 3531 ιιι,
1015 3471 1042 3531 ι,
1062 3470 1105 3519 ιι.
1125 3468 1168 3518 ιι,
1185 3489 1220 3503 -
1246 3446 1325 3529 po‘e-

307 3582 368 3621 nae
387 3567 506 3634 lingua
526 3570 609 3634 luit,
626 3582 687 3622 oum
702 3567 809 3621 inutiles
827 3579 905 3617 uooea
924 3563 976 3615 aiut
993 3576 1057 3628 quaa
1078 3558 1176 3624 tundit,
1194 3573 1243 3612 uec
1261 3574 1325 3627 ape·

307 3664 407 3718 riantur
430 3663 500 3718 lorea
526 3666 631 3732 Deliae3
658 3666 729 3735 quod
753 3681 771 3718 a
796 3663 902 3718 deorum
925 3662 964 3719 im
989 3660 1094 3729 repetit.
1136 3658 1235 3715 lterum
1253 3660 1327 3714 uideo

306 3761 558 3833 παρακλαυσίθυρον
575 3779 634 3820 earo
651 3780 762 3819 carmen.
777 3788 808 3805 ι·
826 3777 903 3816 num
920 3760 1020 3816 loror
1036 3760 1168 3816 adiiaae
1182 3766 1234 3816 ete.
1269 3762 1325 3815 Lo·

306 3864 394 3931 quitur
410 3879 458 3933 per
475 3869 559 3917 totum
577 3865 663 3919 locum
681 3865 714 3919 de
731 3865 825 3921 talibua
840 3863 949 3930 delictis¹
967 3879 1037 3935 quaa
1055 3864 1204 3933 imprudens
1222 3869 1267 3917 aut
1286 3864 1326 3916 in·

307 3965 375 4017 acina
394 3963 535 4018 admiserit
573 3965 682 4019 Factum
699 3972 789 4019 autern
806 3963 936 4019 interdum
954 3964 1074 4029 uidetur,
1092 3968 1122 4016 ut
1139 3964 1246 4015 iuvenes
1266 3962 1326 4013 uino

307 4064 373 4116 ebrii
398 4070 478 4116 noctu
505 4063 603 4131 templo
628 4062 737 4117 deorum
764 4064 890 4118 intrarent
913 4071 1036 4133 reatuque
1063 4062 1096 4115 de
1121 4061 1174 4113 aria
1198 4064 1326 4127 raperent,

307 4176 374 4228 quae
392 4163 440 4215 eibi
459 4163 622 4228 imponerent
640 4169 686 4215 ιιι
702 4162 737 4216 ad
756 4165 846 4217 ianuar
864 4166 1008 4234 puellarum
1025 4162 1131 4216 lerneut,
1175 4158 1228 4213 iarn
1248 4155 1326 4210 dicitu
