<?xml version="1.0" encoding="UTF-8"?>
<!DOCTYPE html PUBLIC "-//W3C//DTD XHTML 1.0 Transitional//EN"
    "http://www.w3.org/TR/xhtml1/DTD/xhtml1-transitional.dtd">
<html xmlns="http://www.w3.org/1999/xhtml" xml:lang="en" lang="en">
 <head>
  <title>
</title>
<meta http-equiv="Content-Type" content="text/html;charset=utf-8" />
  <meta name='ocr-system' content='tesseract 3.04.00' />
  <meta name='ocr-capabilities' content='ocr_page ocr_carea ocr_par ocr_line ocrx_word'/>
</head>
<body>
  <div class='ocr_page' id='page_1' title='image "albiitibullicar00unkngoog_0077.png"; bbox 0 0 3009 4725; ppageno 0'>
   <div class='ocr_carea' id='block_1_1' title="bbox 1178 437 2378 511">
    <p class='ocr_par' dir='ltr' id='par_1_1' title="bbox 1178 437 2378 511">
     <span class='ocr_line' id='line_1_1' title="bbox 1178 437 2378 511; baseline 0.008 -10"><span class='ocrx_word' id='word_1_1' title='bbox 1178 438 1236 501; x_wconf 88' lang='lat' dir='ltr'>T</span> <span class='ocrx_word' id='word_1_2' title='bbox 1237 437 1548 504; x_wconf 84' lang='lat' dir='ltr'><strong>IBULLI.</strong></span> <span class='ocrx_word' id='word_1_3' title='bbox 2224 468 2378 511; x_wconf 71' lang='lat' dir='ltr'>Lx1x</span> 
     </span>
    </p>
   </div>
   <div class='ocr_carea' id='block_1_2' title="bbox 287 611 2391 4262">
    <p class='ocr_par' dir='ltr' id='par_1_2' title="bbox 301 611 2367 2530">
     <span class='ocr_line' id='line_1_2' title="bbox 314 611 2367 695; baseline 0.003 -18"><span class='ocrx_word' id='word_1_4' title='bbox 314 613 553 677; x_wconf 67' lang='lat' dir='ltr'><strong>formas</strong></span> <span class='ocrx_word' id='word_1_5' title='bbox 611 611 718 676; x_wconf 87' lang='lat' dir='ltr'><strong>hie</strong></span> <span class='ocrx_word' id='word_1_6' title='bbox 780 611 1063 695; x_wconf 77' lang='lat' dir='ltr'><strong>explieO,</strong></span> <span class='ocrx_word' id='word_1_7' title='bbox 1125 632 1258 673; x_wconf 88' lang='lat' dir='ltr'><strong>non</strong></span> <span class='ocrx_word' id='word_1_8' title='bbox 1319 612 1608 675; x_wconf 82' lang='lat' dir='ltr'><strong>aliorum.</strong></span> <span class='ocrx_word' id='word_1_9' title='bbox 1708 614 1878 678; x_wconf 84' lang='lat' dir='ltr'><strong>Haec</strong></span> <span class='ocrx_word' id='word_1_10' title='bbox 1920 616 2239 684; x_wconf 77' lang='lat' dir='ltr'><strong>hactenus.</strong></span> <span class='ocrx_word' id='word_1_11' title='bbox 2278 653 2367 669; x_wconf 92' lang='lat'><strong>·—</strong></span> 
     </span>
     <span class='ocr_line' id='line_1_3' title="bbox 313 727 2363 815; baseline 0.003 -25"><span class='ocrx_word' id='word_1_12' title='bbox 313 730 462 792; x_wconf 72' lang='lat' dir='ltr'><strong>Post</strong></span> <span class='ocrx_word' id='word_1_13' title='bbox 516 727 864 793; x_wconf 81' lang='lat' dir='ltr'><strong>exordium</strong></span> <span class='ocrx_word' id='word_1_14' title='bbox 905 729 1001 789; x_wconf 83' lang='lat' dir='ltr'><strong>in·</strong></span> <span class='ocrx_word' id='word_1_15' title='bbox 1034 730 1221 789; x_wconf 59' lang='lat' dir='ltr'><strong>media</strong></span> <span class='ocrx_word' id='word_1_16' title='bbox 1274 729 1453 805; x_wconf 63' lang='lat' dir='ltr'><strong>elegia</strong></span> <span class='ocrx_word' id='word_1_17' title='bbox 1502 730 1698 791; x_wconf 80' lang='lat' dir='ltr'><strong>latius</strong></span> <span class='ocrx_word' id='word_1_18' title='bbox 1754 727 2131 795; x_wconf 81' lang='lat' dir='ltr'><strong>diffunditur</strong></span> <span class='ocrx_word' id='word_1_19' title='bbox 2179 756 2363 815; x_wconf 83' lang='lat' dir='ltr'><strong>argu-</strong></span> 
     </span>
     <span class='ocr_line' id='line_1_4' title="bbox 312 841 2362 932; baseline -0.002 -26"><span class='ocrx_word' id='word_1_20' title='bbox 312 841 619 910; x_wconf 70' lang='lat' dir='ltr'><strong>mentum&#39;</strong></span> <span class='ocrx_word' id='word_1_21' title='bbox 639 858 705 908; x_wconf 80' lang='lat' dir='ltr'><strong>et</strong></span> <span class='ocrx_word' id='word_1_22' title='bbox 742 844 948 906; x_wconf 80' lang='lat' dir='ltr'><strong>fusius</strong></span> <span class='ocrx_word' id='word_1_23' title='bbox 1006 844 1319 908; x_wconf 82' lang='lat' dir='ltr'><strong>evolvitur</strong></span> <span class='ocrx_word' id='word_1_24' title='bbox 1375 844 1472 907; x_wconf 80' lang='lat' dir='ltr'><strong>vis</strong></span> <span class='ocrx_word' id='word_1_25' title='bbox 1531 865 1748 907; x_wconf 82' lang='lat' dir='ltr'><strong>rerum</strong></span> <span class='ocrx_word' id='word_1_26' title='bbox 1808 848 2083 912; x_wconf 79' lang='lat' dir='ltr'><strong>animum</strong></span> <span class='ocrx_word' id='word_1_27' title='bbox 2137 851 2362 932; x_wconf 77' lang='lat' dir='ltr'><strong>impel-</strong></span> 
     </span>
     <span class='ocr_line' id='line_1_5' title="bbox 314 960 2359 1041; baseline 0.003 -19"><span class='ocrx_word' id='word_1_28' title='bbox 314 961 613 1039; x_wconf 79' lang='lat' dir='ltr'><strong>lentium3</strong></span> <span class='ocrx_word' id='word_1_29' title='bbox 653 982 801 1024; x_wconf 79' lang='lat' dir='ltr'><strong>nam</strong></span> <span class='ocrx_word' id='word_1_30' title='bbox 843 961 993 1023; x_wconf 85' lang='lat' dir='ltr'><strong>huic</strong></span> <span class='ocrx_word' id='word_1_31' title='bbox 1036 961 1207 1041; x_wconf 75' lang='lat' dir='ltr'><strong>parti·</strong></span> <span class='ocrx_word' id='word_1_32' title='bbox 1244 960 1579 1022; x_wconf 74' lang='lat' dir='ltr'>illustratio</span> <span class='ocrx_word' id='word_1_33' title='bbox 1622 962 1791 1023; x_wconf 81' lang='lat' dir='ltr'><strong>them</strong></span> <span class='ocrx_word' id='word_1_34' title='bbox 1799 964 1943 1039; x_wconf 68' lang='lat' dir='ltr'><strong>atis,</strong></span> <span class='ocrx_word' id='word_1_35' title='bbox 1981 964 2047 1026; x_wconf 85' lang='lat' dir='ltr'><strong>in</strong></span> <span class='ocrx_word' id='word_1_36' title='bbox 2093 964 2359 1029; x_wconf 84' lang='lat' dir='ltr'><strong>exordio</strong></span> 
     </span>
     <span class='ocr_line' id='line_1_6' title="bbox 328 1070 2362 1164; baseline 0 -30"><span class='ocrx_word' id='word_1_37' title='bbox 328 1072 507 1156; x_wconf 85' lang='lat' dir='ltr'><strong>quod</strong></span> <span class='ocrx_word' id='word_1_38' title='bbox 545 1070 808 1155; x_wconf 71' lang='lat' dir='ltr'><strong>prodiit,</strong></span> <span class='ocrx_word' id='word_1_39' title='bbox 860 1076 1142 1157; x_wconf 81' lang='lat' dir='ltr'><strong>propria.</strong></span> <span class='ocrx_word' id='word_1_40' title='bbox 1239 1073 1362 1139; x_wconf 85' lang='lat' dir='ltr'><strong>Hic</strong></span> <span class='ocrx_word' id='word_1_41' title='bbox 1401 1075 1593 1155; x_wconf 86' lang='lat' dir='ltr'><strong>igitur</strong></span> <span class='ocrx_word' id='word_1_42' title='bbox 1630 1077 1841 1139; x_wconf 87' lang='lat' dir='ltr'><strong>locum</strong></span> <span class='ocrx_word' id='word_1_43' title='bbox 1884 1078 2122 1142; x_wconf 77' lang='lat' dir='ltr'><strong>habent</strong></span> <span class='ocrx_word' id='word_1_44' title='bbox 2160 1083 2362 1164; x_wconf 83' lang='lat' dir='ltr'><strong>expli..</strong></span> 
     </span>
     <span class='ocr_line' id='line_1_7' title="bbox 327 1190 2358 1277; baseline 0.004 -27"><span class='ocrx_word' id='word_1_45' title='bbox 327 1190 617 1266; x_wconf 80' lang='lat' dir='ltr'><strong>cationes,</strong></span> <span class='ocrx_word' id='word_1_46' title='bbox 655 1191 1058 1269; x_wconf 76' lang='lat' dir='ltr'><strong>narrationes,</strong></span> <span class='ocrx_word' id='word_1_47' title='bbox 1092 1190 1544 1272; x_wconf 73' lang='lat' dir='ltr'><strong>descriptiones</strong></span> <span class='ocrx_word' id='word_1_48' title='bbox 1574 1192 1937 1255; x_wconf 72' lang='lat' dir='ltr'><strong>uberim-est</strong></span> <span class='ocrx_word' id='word_1_49' title='bbox 1978 1193 2144 1256; x_wconf 90' lang='lat' dir='ltr'><strong>redit</strong></span> <span class='ocrx_word' id='word_1_50' title='bbox 2170 1208 2358 1277; x_wconf 83' lang='lat' dir='ltr'><strong>poeta</strong></span> 
     </span>
     <span class='ocr_line' id='line_1_8' title="bbox 317 1299 2356 1388; baseline 0.005 -25"><span class='ocrx_word' id='word_1_51' title='bbox 317 1299 401 1364; x_wconf 83' lang='lat' dir='ltr'><strong>ad</strong></span> <span class='ocrx_word' id='word_1_52' title='bbox 437 1322 648 1365; x_wconf 78' lang='lat' dir='ltr'><strong>causas</strong></span> <span class='ocrx_word' id='word_1_53' title='bbox 685 1306 1032 1383; x_wconf 83' lang='lat' dir='ltr'><strong>malorum,</strong></span> <span class='ocrx_word' id='word_1_54' title='bbox 1077 1325 1240 1388; x_wconf 83' lang='lat' dir='ltr'><strong>quae</strong></span> <span class='ocrx_word' id='word_1_55' title='bbox 1288 1322 1434 1366; x_wconf 78' lang='lat' dir='ltr'><strong>eum</strong></span> <span class='ocrx_word' id='word_1_56' title='bbox 1476 1318 1701 1385; x_wconf 86' lang='lat' dir='ltr'><strong>urgent</strong></span> <span class='ocrx_word' id='word_1_57' title='bbox 1746 1319 1809 1369; x_wconf 90' lang='lat' dir='ltr'><strong>et</strong></span> <span class='ocrx_word' id='word_1_58' title='bbox 1853 1322 2100 1372; x_wconf 83' lang='lat' dir='ltr'><strong>accusat</strong></span> <span class='ocrx_word' id='word_1_59' title='bbox 2141 1323 2356 1375; x_wconf 87' lang='lat' dir='ltr'><strong>aucto-</strong></span> 
     </span>
     <span class='ocr_line' id='line_1_9' title="bbox 312 1399 2353 1504; baseline 0.005 -26"><span class='ocrx_word' id='word_1_60' title='bbox 312 1436 447 1496; x_wconf 86' lang='lat' dir='ltr'><strong>res,</strong></span> <span class='ocrx_word' id='word_1_61' title='bbox 509 1432 618 1480; x_wconf 78' lang='lat' dir='ltr'><strong>aut</strong></span> <span class='ocrx_word' id='word_1_62' title='bbox 674 1418 954 1501; x_wconf 78' lang='lat' dir='ltr'><strong>depingit</strong></span> <span class='ocrx_word' id='word_1_63' title='bbox 1008 1399 1404 1496; x_wconf 66' lang='lat' dir='ltr'><strong>felicitatem,</strong></span> <span class='ocrx_word' id='word_1_64' title='bbox 1461 1420 1637 1482; x_wconf 81' lang='lat' dir='ltr'><strong>euius</strong></span> <span class='ocrx_word' id='word_1_65' title='bbox 1682 1440 1869 1486; x_wconf 85' lang='lat' dir='ltr'><strong>sensu</strong></span> <span class='ocrx_word' id='word_1_66' title='bbox 1909 1424 2012 1486; x_wconf 79' lang='lat' dir='ltr'><strong>vel</strong></span> <span class='ocrx_word' id='word_1_67' title='bbox 2053 1425 2353 1504; x_wconf 83' lang='lat' dir='ltr'><strong>imagina-</strong></span> 
     </span>
     <span class='ocr_line' id='line_1_10' title="bbox 307 1531 2350 1618; baseline 0.003 -25"><span class='ocrx_word' id='word_1_68' title='bbox 307 1532 478 1593; x_wconf 82' lang='lat' dir='ltr'><strong>tione</strong></span> <span class='ocrx_word' id='word_1_69' title='bbox 521 1532 830 1609; x_wconf 77' lang='lat' dir='ltr'><strong>affieitur,</strong></span> <span class='ocrx_word' id='word_1_70' title='bbox 888 1545 997 1594; x_wconf 89' lang='lat' dir='ltr'><strong>aut</strong></span> <span class='ocrx_word' id='word_1_71' title='bbox 1036 1531 1258 1596; x_wconf 83' lang='lat' dir='ltr'><strong>laudes</strong></span> <span class='ocrx_word' id='word_1_72' title='bbox 1301 1534 1614 1596; x_wconf 73' lang='lat' dir='ltr'><strong>factorum</strong></span> <span class='ocrx_word' id='word_1_73' title='bbox 1652 1536 2081 1617; x_wconf 76' lang='lat' dir='ltr'><strong>persequitur,</strong></span> <span class='ocrx_word' id='word_1_74' title='bbox 2138 1558 2350 1618; x_wconf 87' lang='lat' dir='ltr'><strong>perse-</strong></span> 
     </span>
     <span class='ocr_line' id='line_1_11' title="bbox 312 1619 2345 1731; baseline 0.005 -30"><span class='ocrx_word' id='word_1_75' title='bbox 312 1647 520 1725; x_wconf 66' lang='lat' dir='ltr'><strong>quitur</strong></span> <span class='ocrx_word' id='word_1_76' title='bbox 580 1619 797 1727; x_wconf 63' lang='lat' dir='ltr'><strong>preces</strong></span> <span class='ocrx_word' id='word_1_77' title='bbox 861 1647 1125 1707; x_wconf 55' lang='lat' dir='ltr'><strong>delirum</strong></span> <span class='ocrx_word' id='word_1_78' title='bbox 1193 1663 1245 1707; x_wconf 65' lang='lat' dir='ltr'><strong>nt</strong></span> <span class='ocrx_word' id='word_1_79' title='bbox 1306 1658 1473 1709; x_wconf 75' lang='lat' dir='ltr'><strong>vota·</strong></span> <span class='ocrx_word' id='word_1_80' title='bbox 1510 1648 1689 1710; x_wconf 84' lang='lat' dir='ltr'><strong>initio</strong></span> <span class='ocrx_word' id='word_1_81' title='bbox 1749 1660 1965 1731; x_wconf 86' lang='lat' dir='ltr'><strong>coepta</strong></span> <span class='ocrx_word' id='word_1_82' title='bbox 2020 1652 2123 1711; x_wconf 72' lang='lat' dir='ltr'><strong>vel</strong></span> <span class='ocrx_word' id='word_1_83' title='bbox 2180 1672 2345 1716; x_wconf 80' lang='lat' dir='ltr'><strong>nun·</strong></span> 
     </span>
     <span class='ocr_line' id='line_1_12' title="bbox 312 1749 2345 1843; baseline 0.005 -28"><span class='ocrx_word' id='word_1_84' title='bbox 312 1761 488 1819; x_wconf 66' lang='lat' dir='ltr'><strong>liam.</strong></span> <span class='ocrx_word' id='word_1_85' title='bbox 536 1763 680 1819; x_wconf 64' lang='lat' dir='ltr'><strong>alias,</strong></span> <span class='ocrx_word' id='word_1_86' title='bbox 724 1763 1013 1823; x_wconf 69' lang='lat' dir='ltr'><strong>hortatur</strong></span> <span class='ocrx_word' id='word_1_87' title='bbox 1057 1767 1326 1839; x_wconf 58' lang='lat' dir='ltr'><strong>puvltum</strong></span> <span class='ocrx_word' id='word_1_88' title='bbox 1371 1774 1481 1823; x_wconf 83' lang='lat' dir='ltr'><strong>aut</strong></span> <span class='ocrx_word' id='word_1_89' title='bbox 1523 1749 1835 1843; x_wconf 65' lang='lat' dir='ltr'><strong>obiurgat,</strong></span> <span class='ocrx_word' id='word_1_90' title='bbox 1876 1763 2189 1842; x_wconf 79' lang='lat' dir='ltr'><strong>irascitur,</strong></span> <span class='ocrx_word' id='word_1_91' title='bbox 2229 1765 2345 1826; x_wconf 87' lang='lat' dir='ltr'><strong>mi-</strong></span> 
     </span>
     <span class='ocr_line' id='line_1_13' title="bbox 324 1876 2347 1959; baseline 0.006 -31"><span class='ocrx_word' id='word_1_92' title='bbox 324 1884 528 1944; x_wconf 64' lang='lat' dir='ltr'><strong>tantur,</strong></span> <span class='ocrx_word' id='word_1_93' title='bbox 568 1876 736 1932; x_wconf 58' lang='lat' dir='ltr'><strong>{cruam</strong></span> <span class='ocrx_word' id='word_1_94' title='bbox 780 1876 1141 1936; x_wconf 54' lang='lat' dir='ltr'><strong>alstemum:</strong></span> <span class='ocrx_word' id='word_1_95' title='bbox 1193 1900 1269 1936; x_wconf 70' lang='lat' dir='ltr'><strong>m·</strong></span> <span class='ocrx_word' id='word_1_96' title='bbox 1314 1878 1532 1953; x_wconf 81' lang='lat' dir='ltr'><strong>multa,</strong></span> <span class='ocrx_word' id='word_1_97' title='bbox 1574 1876 1676 1938; x_wconf 76' lang='lat' dir='ltr'><strong>hic</strong></span> <span class='ocrx_word' id='word_1_98' title='bbox 1718 1880 2038 1959; x_wconf 82' lang='lat' dir='ltr'><strong>praeclara</strong></span> <span class='ocrx_word' id='word_1_99' title='bbox 2080 1880 2347 1942; x_wconf 79' lang='lat' dir='ltr'><strong>varietas</strong></span> 
     </span>
     <span class='ocr_line' id='line_1_14' title="bbox 312 1988 2345 2068; baseline 0.003 -24"><span class='ocrx_word' id='word_1_100' title='bbox 312 1988 660 2044; x_wconf 56' lang='lat' dir='ltr'><strong>alstemum</strong></span> <span class='ocrx_word' id='word_1_101' title='bbox 720 2000 776 2044; x_wconf 65' lang='lat' dir='ltr'><strong>nl</strong></span> <span class='ocrx_word' id='word_1_102' title='bbox 833 1992 1069 2048; x_wconf 57' lang='lat' dir='ltr'><strong>ubertas</strong></span> <span class='ocrx_word' id='word_1_103' title='bbox 1129 2009 1331 2051; x_wconf 67' lang='lat' dir='ltr'><strong>rerum</strong></span> <span class='ocrx_word' id='word_1_104' title='bbox 1388 1989 1777 2068; x_wconf 75' lang='lat' dir='ltr'><strong>felicissima,</strong></span> <span class='ocrx_word' id='word_1_105' title='bbox 1832 1992 1933 2052; x_wconf 85' lang='lat' dir='ltr'><strong>hic</strong></span> <span class='ocrx_word' id='word_1_106' title='bbox 1976 2002 2106 2054; x_wconf 78' lang='lat' dir='ltr'><strong>tota</strong></span> <span class='ocrx_word' id='word_1_107' title='bbox 2146 1992 2345 2052; x_wconf 82' lang='lat' dir='ltr'><strong>virtus</strong></span> 
     </span>
     <span class='ocr_line' id='line_1_15' title="bbox 304 2099 2348 2178; baseline 0.003 -22"><span class='ocrx_word' id='word_1_108' title='bbox 304 2108 534 2177; x_wconf 80' lang='lat' dir='ltr'><strong>poetae</strong></span> <span class='ocrx_word' id='word_1_109' title='bbox 577 2118 646 2158; x_wconf 89' lang='lat' dir='ltr'><strong>se</strong></span> <span class='ocrx_word' id='word_1_110' title='bbox 683 2109 898 2178; x_wconf 82' lang='lat' dir='ltr'><strong>potest</strong></span> <span class='ocrx_word' id='word_1_111' title='bbox 935 2101 1255 2163; x_wconf 74' lang='lat' dir='ltr'><strong>ostendere</strong></span> <span class='ocrx_word' id='word_1_112' title='bbox 1301 2116 1364 2163; x_wconf 86' lang='lat' dir='ltr'><strong>et</strong></span> <span class='ocrx_word' id='word_1_113' title='bbox 1405 2100 1678 2164; x_wconf 83' lang='lat' dir='ltr'><strong>ostendit</strong></span> <span class='ocrx_word' id='word_1_114' title='bbox 1714 2123 1804 2163; x_wconf 83' lang='lat' dir='ltr'><strong>se.</strong></span> <span class='ocrx_word' id='word_1_115' title='bbox 1884 2100 2011 2164; x_wconf 88' lang='lat' dir='ltr'><strong>Sed</strong></span> <span class='ocrx_word' id='word_1_116' title='bbox 2042 2099 2348 2163; x_wconf 80' lang='lat' dir='ltr'><strong>desiderat</strong></span> 
     </span>
     <span class='ocr_line' id='line_1_16' title="bbox 301 2215 2343 2302; baseline 0.002 -30"><span class='ocrx_word' id='word_1_117' title='bbox 301 2215 457 2274; x_wconf 81' lang='lat' dir='ltr'><strong>haee</strong></span> <span class='ocrx_word' id='word_1_118' title='bbox 508 2235 658 2295; x_wconf 82' lang='lat' dir='ltr'><strong>pars</strong></span> <span class='ocrx_word' id='word_1_119' title='bbox 711 2216 1061 2295; x_wconf 82' lang='lat' dir='ltr'><strong>longiorem</strong></span> <span class='ocrx_word' id='word_1_120' title='bbox 1124 2218 1641 2300; x_wconf 83' lang='lat' dir='ltr'><strong>disputationem3</strong></span> <span class='ocrx_word' id='word_1_121' title='bbox 1704 2240 1900 2302; x_wconf 81' lang='lat' dir='ltr'><strong>quare</strong></span> <span class='ocrx_word' id='word_1_122' title='bbox 1941 2218 2217 2299; x_wconf 87' lang='lat' dir='ltr'><strong>primum</strong></span> <span class='ocrx_word' id='word_1_123' title='bbox 2262 2217 2343 2278; x_wconf 85' lang='lat' dir='ltr'><strong>ad</strong></span> 
     </span>
     <span class='ocr_line' id='line_1_17' title="bbox 304 2330 2339 2417; baseline 0.002 -27"><span class='ocrx_word' id='word_1_124' title='bbox 304 2330 541 2391; x_wconf 78' lang='lat' dir='ltr'><strong>exitum</strong></span> <span class='ocrx_word' id='word_1_125' title='bbox 582 2332 817 2392; x_wconf 85' lang='lat' dir='ltr'><strong>horum</strong></span> <span class='ocrx_word' id='word_1_126' title='bbox 861 2332 1209 2394; x_wconf 84' lang='lat' dir='ltr'><strong>carminum</strong></span> <span class='ocrx_word' id='word_1_127' title='bbox 1254 2331 1733 2397; x_wconf 85' lang='lat' dir='ltr'><strong>describendum</strong></span> <span class='ocrx_word' id='word_1_128' title='bbox 1771 2354 2138 2417; x_wconf 84' lang='lat' dir='ltr'><strong>pergamus,</strong></span> <span class='ocrx_word' id='word_1_129' title='bbox 2193 2355 2339 2416; x_wconf 87' lang='lat' dir='ltr'><strong>per-</strong></span> 
     </span>
     <span class='ocr_line' id='line_1_18' title="bbox 305 2444 2340 2530; baseline 0.002 -26"><span class='ocrx_word' id='word_1_130' title='bbox 305 2446 623 2507; x_wconf 74' lang='lat' dir='ltr'><strong>tractaturi</strong></span> <span class='ocrx_word' id='word_1_131' title='bbox 676 2444 904 2507; x_wconf 89' lang='lat' dir='ltr'><strong>deinde</strong></span> <span class='ocrx_word' id='word_1_132' title='bbox 962 2446 1353 2510; x_wconf 75' lang='lat' dir='ltr'><strong>commodius</strong></span> <span class='ocrx_word' id='word_1_133' title='bbox 1418 2469 1580 2530; x_wconf 81' lang='lat' dir='ltr'><strong>quae</strong></span> <span class='ocrx_word' id='word_1_134' title='bbox 1645 2470 1814 2519; x_wconf 83' lang='lat' dir='ltr'><strong>nunc</strong></span> <span class='ocrx_word' id='word_1_135' title='bbox 1868 2449 2189 2513; x_wconf 78' lang='lat' dir='ltr'><strong>mittimus.</strong></span> <span class='ocrx_word' id='word_1_136' title='bbox 2251 2486 2340 2498; x_wconf 90' lang='lat'><strong>--</strong></span> 
     </span>
    </p>

    <p class='ocr_par' dir='ltr' id='par_1_3' title="bbox 287 2545 2391 4262">
     <span class='ocr_line' id='line_1_19' title="bbox 302 2545 2391 2644; baseline 0.003 -22"><span class='ocrx_word' id='word_1_137' title='bbox 302 2563 503 2623; x_wconf 64' lang='lat' dir='ltr'><strong>Exitus</strong></span> <span class='ocrx_word' id='word_1_138' title='bbox 542 2564 817 2644; x_wconf 82' lang='lat' dir='ltr'><strong>quietem</strong></span> <span class='ocrx_word' id='word_1_139' title='bbox 860 2565 1043 2626; x_wconf 81' lang='lat' dir='ltr'><strong>affert</strong></span> <span class='ocrx_word' id='word_1_140' title='bbox 1085 2576 1147 2626; x_wconf 90' lang='lat' dir='ltr'><strong>et</strong></span> <span class='ocrx_word' id='word_1_141' title='bbox 1187 2563 1559 2628; x_wconf 81' lang='lat' dir='ltr'><strong>sedatiorem</strong></span> <span class='ocrx_word' id='word_1_142' title='bbox 1600 2569 1792 2629; x_wconf 85' lang='lat' dir='ltr'><strong>animi</strong></span> <span class='ocrx_word' id='word_1_143' title='bbox 1832 2580 2080 2628; x_wconf 82' lang='lat' dir='ltr'><strong>statum.</strong></span> <span class='ocrx_word' id='word_1_144' title='bbox 2166 2566 2338 2628; x_wconf 81' lang='lat' dir='ltr'><strong>Exo-</strong></span> <span class='ocrx_word' id='word_1_145' title='bbox 2384 2545 2391 2550; x_wconf 84' lang='lat'><strong>.</strong></span> 
     </span>
     <span class='ocr_line' id='line_1_20' title="bbox 300 2677 2340 2763; baseline 0.001 -23"><span class='ocrx_word' id='word_1_146' title='bbox 300 2690 516 2742; x_wconf 79' lang='lat' dir='ltr'><strong>nerata</strong></span> <span class='ocrx_word' id='word_1_147' title='bbox 558 2691 654 2741; x_wconf 78' lang='lat' dir='ltr'><strong>est</strong></span> <span class='ocrx_word' id='word_1_148' title='bbox 691 2677 786 2744; x_wconf 79' lang='lat' dir='ltr'><strong>vis</strong></span> <span class='ocrx_word' id='word_1_149' title='bbox 827 2700 1075 2756; x_wconf 85' lang='lat' dir='ltr'><strong>rerum,</strong></span> <span class='ocrx_word' id='word_1_150' title='bbox 1126 2681 1356 2763; x_wconf 89' lang='lat' dir='ltr'><strong>quibus</strong></span> <span class='ocrx_word' id='word_1_151' title='bbox 1396 2693 1611 2762; x_wconf 87' lang='lat' dir='ltr'><strong>pectus</strong></span> <span class='ocrx_word' id='word_1_152' title='bbox 1655 2681 2034 2761; x_wconf 79' lang='lat' dir='ltr'><strong>agitabatur,</strong></span> <span class='ocrx_word' id='word_1_153' title='bbox 2079 2684 2340 2746; x_wconf 83' lang='lat' dir='ltr'><strong>cessavit</strong></span> 
     </span>
     <span class='ocr_line' id='line_1_21' title="bbox 300 2794 2336 2878; baseline 0.002 -26"><span class='ocrx_word' id='word_1_154' title='bbox 300 2795 484 2876; x_wconf 88' lang='lat' dir='ltr'><strong>prior</strong></span> <span class='ocrx_word' id='word_1_155' title='bbox 523 2806 730 2854; x_wconf 78' lang='lat' dir='ltr'><strong>motus</strong></span> <span class='ocrx_word' id='word_1_156' title='bbox 770 2815 1065 2856; x_wconf 80' lang='lat' dir='ltr'><strong>sensuum</strong></span> <span class='ocrx_word' id='word_1_157' title='bbox 1084 2839 1101 2870; x_wconf 89' lang='lat'><strong>,</strong></span> <span class='ocrx_word' id='word_1_158' title='bbox 1140 2796 1394 2878; x_wconf 83' lang='lat' dir='ltr'><strong>iamque</strong></span> <span class='ocrx_word' id='word_1_159' title='bbox 1435 2795 1701 2857; x_wconf 84' lang='lat' dir='ltr'><strong>levatior</strong></span> <span class='ocrx_word' id='word_1_160' title='bbox 1742 2795 1986 2856; x_wconf 84' lang='lat' dir='ltr'><strong>animus</strong></span> <span class='ocrx_word' id='word_1_161' title='bbox 2040 2794 2119 2856; x_wconf 81' lang='lat' dir='ltr'><strong>ad</strong></span> <span class='ocrx_word' id='word_1_162' title='bbox 2166 2808 2336 2856; x_wconf 81' lang='lat' dir='ltr'><strong>tran-</strong></span> 
     </span>
     <span class='ocr_line' id='line_1_22' title="bbox 301 2906 2340 2994; baseline -0.002 -21"><span class='ocrx_word' id='word_1_163' title='bbox 301 2913 673 2994; x_wconf 74' lang='lat' dir='ltr'><strong>quillitatem</strong></span> <span class='ocrx_word' id='word_1_164' title='bbox 710 2910 870 2974; x_wconf 77' lang='lat' dir='ltr'><strong>redit</strong></span> <span class='ocrx_word' id='word_1_165' title='bbox 907 2915 1430 2994; x_wconf 78' lang='lat' dir='ltr'><strong>qualemcunque.</strong></span> <span class='ocrx_word' id='word_1_166' title='bbox 1516 2907 1706 2985; x_wconf 88' lang='lat' dir='ltr'><strong>Quod</strong></span> <span class='ocrx_word' id='word_1_167' title='bbox 1746 2907 1925 2970; x_wconf 78' lang='lat' dir='ltr'><strong>vario</strong></span> <span class='ocrx_word' id='word_1_168' title='bbox 1970 2906 2159 2968; x_wconf 85' lang='lat' dir='ltr'><strong>modo</strong></span> <span class='ocrx_word' id='word_1_169' title='bbox 2200 2910 2340 2969; x_wconf 84' lang='lat' dir='ltr'><strong>fieri</strong></span> 
     </span>
     <span class='ocr_line' id='line_1_23' title="bbox 297 3007 2337 3107; baseline -0.004 -21"><span class='ocrx_word' id='word_1_170' title='bbox 297 3037 524 3106; x_wconf 87' lang='lat' dir='ltr'><strong>potest.</strong></span> <span class='ocrx_word' id='word_1_171' title='bbox 605 3024 791 3088; x_wconf 86' lang='lat' dir='ltr'><strong>Nunc</strong></span> <span class='ocrx_word' id='word_1_172' title='bbox 832 3038 1022 3107; x_wconf 80' lang='lat' dir='ltr'><strong>poeta</strong></span> <span class='ocrx_word' id='word_1_173' title='bbox 1063 3025 1134 3085; x_wconf 86' lang='lat' dir='ltr'><strong>in</strong></span> <span class='ocrx_word' id='word_1_174' title='bbox 1175 3047 1287 3106; x_wconf 90' lang='lat' dir='ltr'><strong>spe</strong></span> <span class='ocrx_word' id='word_1_175' title='bbox 1327 3007 1583 3102; x_wconf 76' lang='lat' dir='ltr'><strong>reditus,</strong></span> <span class='ocrx_word' id='word_1_176' title='bbox 1627 3025 1696 3084; x_wconf 88' lang='lat' dir='ltr'><strong>in</strong></span> <span class='ocrx_word' id='word_1_177' title='bbox 1738 3042 1852 3103; x_wconf 83' lang='lat' dir='ltr'><strong>spe</strong></span> <span class='ocrx_word' id='word_1_178' title='bbox 1889 3017 2166 3081; x_wconf 84' lang='lat' dir='ltr'><strong>melioris</strong></span> <span class='ocrx_word' id='word_1_179' title='bbox 2204 3021 2337 3080; x_wconf 78' lang='lat' dir='ltr'><strong>for-</strong></span> 
     </span>
     <span class='ocr_line' id='line_1_24' title="bbox 291 3114 2338 3224; baseline -0.002 -22"><span class='ocrx_word' id='word_1_180' title='bbox 291 3114 487 3204; x_wconf 43' lang='lat' dir='ltr'><strong>·tunae</strong></span> <span class='ocrx_word' id='word_1_181' title='bbox 530 3144 899 3224; x_wconf 88' lang='lat' dir='ltr'><strong>requiescit,</strong></span> <span class='ocrx_word' id='word_1_182' title='bbox 955 3163 1124 3204; x_wconf 89' lang='lat' dir='ltr'><strong>nunc</strong></span> <span class='ocrx_word' id='word_1_183' title='bbox 1177 3144 1243 3202; x_wconf 92' lang='lat' dir='ltr'><strong>in</strong></span> <span class='ocrx_word' id='word_1_184' title='bbox 1291 3138 1790 3202; x_wconf 81' lang='lat' dir='ltr'><strong>consideratione</strong></span> <span class='ocrx_word' id='word_1_185' title='bbox 1836 3137 2180 3199; x_wconf 79' lang='lat' dir='ltr'><strong>communis</strong></span> <span class='ocrx_word' id='word_1_186' title='bbox 2224 3136 2338 3198; x_wconf 81' lang='lat' dir='ltr'><strong>fati</strong></span> 
     </span>
     <span class='ocr_line' id='line_1_25' title="bbox 298 3254 2336 3333; baseline -0.001 -16"><span class='ocrx_word' id='word_1_187' title='bbox 298 3259 576 3333; x_wconf 79' lang='lat' dir='ltr'><strong>humani,</strong></span> <span class='ocrx_word' id='word_1_188' title='bbox 616 3276 786 3319; x_wconf 83' lang='lat' dir='ltr'><strong>nunc</strong></span> <span class='ocrx_word' id='word_1_189' title='bbox 824 3279 889 3319; x_wconf 87' lang='lat' dir='ltr'><strong>se</strong></span> <span class='ocrx_word' id='word_1_190' title='bbox 931 3256 1242 3319; x_wconf 88' lang='lat' dir='ltr'><strong>submittit</strong></span> <span class='ocrx_word' id='word_1_191' title='bbox 1278 3257 1477 3320; x_wconf 87' lang='lat' dir='ltr'><strong>vietus</strong></span> <span class='ocrx_word' id='word_1_192' title='bbox 1517 3254 1826 3319; x_wconf 79' lang='lat' dir='ltr'><strong>voluntati</strong></span> <span class='ocrx_word' id='word_1_193' title='bbox 1864 3265 2123 3330; x_wconf 81' lang='lat' dir='ltr'><strong>amatae,</strong></span> <span class='ocrx_word' id='word_1_194' title='bbox 2165 3274 2336 3315; x_wconf 87' lang='lat' dir='ltr'><strong>nunc</strong></span> 
     </span>
     <span class='ocr_line' id='line_1_26' title="bbox 298 3368 2333 3457; baseline -0.001 -22"><span class='ocrx_word' id='word_1_195' title='bbox 298 3395 443 3435; x_wconf 85' lang='lat' dir='ltr'><strong>cum</strong></span> <span class='ocrx_word' id='word_1_196' title='bbox 484 3376 776 3437; x_wconf 85' lang='lat' dir='ltr'><strong>irrisione</strong></span> <span class='ocrx_word' id='word_1_197' title='bbox 827 3378 1075 3457; x_wconf 85' lang='lat' dir='ltr'><strong>puellae</strong></span> <span class='ocrx_word' id='word_1_198' title='bbox 1127 3386 1236 3436; x_wconf 86' lang='lat' dir='ltr'><strong>aut</strong></span> <span class='ocrx_word' id='word_1_199' title='bbox 1271 3371 1486 3434; x_wconf 83' lang='lat' dir='ltr'><strong>rivalis</strong></span> <span class='ocrx_word' id='word_1_200' title='bbox 1540 3368 1801 3432; x_wconf 80' lang='lat' dir='ltr'><strong>discedit</strong></span> <span class='ocrx_word' id='word_1_201' title='bbox 1846 3369 2123 3446; x_wconf 77' lang='lat' dir='ltr'><strong>fortiter,</strong></span> <span class='ocrx_word' id='word_1_202' title='bbox 2182 3371 2333 3432; x_wconf 72' lang='lat' dir='ltr'><strong>alias</strong></span> 
     </span>
     <span class='ocr_line' id='line_1_27' title="bbox 295 3483 2333 3570; baseline -0.002 -22"><span class='ocrx_word' id='word_1_203' title='bbox 295 3508 439 3549; x_wconf 89' lang='lat' dir='ltr'><strong>cum</strong></span> <span class='ocrx_word' id='word_1_204' title='bbox 483 3488 659 3566; x_wconf 84' lang='lat' dir='ltr'><strong>votis,</strong></span> <span class='ocrx_word' id='word_1_205' title='bbox 713 3488 1008 3570; x_wconf 81' lang='lat' dir='ltr'><strong>precibus</strong></span> <span class='ocrx_word' id='word_1_206' title='bbox 1051 3486 1130 3549; x_wconf 83' lang='lat' dir='ltr'><strong>ad</strong></span> <span class='ocrx_word' id='word_1_207' title='bbox 1173 3486 1342 3562; x_wconf 89' lang='lat' dir='ltr'><strong>deos,</strong></span> <span class='ocrx_word' id='word_1_208' title='bbox 1386 3483 1463 3547; x_wconf 85' lang='lat' dir='ltr'><strong>ad</strong></span> <span class='ocrx_word' id='word_1_209' title='bbox 1510 3499 1773 3546; x_wconf 78' lang='lat' dir='ltr'><strong>amatam</strong></span> <span class='ocrx_word' id='word_1_210' title='bbox 1814 3503 2148 3565; x_wconf 82' lang='lat' dir='ltr'><strong>personam</strong></span> <span class='ocrx_word' id='word_1_211' title='bbox 2191 3483 2333 3546; x_wconf 82' lang='lat' dir='ltr'><strong>fini-</strong></span> 
     </span>
     <span class='ocr_line' id='line_1_28' title="bbox 294 3598 2332 3681; baseline -0.001 -21"><span class='ocrx_word' id='word_1_212' title='bbox 294 3611 400 3661; x_wconf 88' lang='lat' dir='ltr'><strong>tur</strong></span> <span class='ocrx_word' id='word_1_213' title='bbox 442 3622 727 3678; x_wconf 83' lang='lat' dir='ltr'><strong>carmen,</strong></span> <span class='ocrx_word' id='word_1_214' title='bbox 797 3614 906 3662; x_wconf 81' lang='lat' dir='ltr'><strong>aut</strong></span> <span class='ocrx_word' id='word_1_215' title='bbox 946 3621 1150 3681; x_wconf 81' lang='lat' dir='ltr'><strong>poena</strong></span> <span class='ocrx_word' id='word_1_216' title='bbox 1203 3598 1415 3663; x_wconf 85' lang='lat' dir='ltr'><strong>divina</strong></span> <span class='ocrx_word' id='word_1_217' title='bbox 1461 3598 1745 3659; x_wconf 84' lang='lat' dir='ltr'><strong>nuntiata</strong></span> <span class='ocrx_word' id='word_1_218' title='bbox 1790 3599 2004 3660; x_wconf 85' lang='lat' dir='ltr'><strong>satisfit</strong></span> <span class='ocrx_word' id='word_1_219' title='bbox 2043 3598 2209 3674; x_wconf 82' lang='lat' dir='ltr'><strong>irae,</strong></span> <span class='ocrx_word' id='word_1_220' title='bbox 2271 3611 2332 3659; x_wconf 77' lang='lat' dir='ltr'><strong>et</strong></span> 
     </span>
     <span class='ocr_line' id='line_1_29' title="bbox 293 3710 2332 3794; baseline -0.001 -21"><span class='ocrx_word' id='word_1_221' title='bbox 293 3735 453 3794; x_wconf 80' lang='lat' dir='ltr'><strong>quae</strong></span> <span class='ocrx_word' id='word_1_222' title='bbox 507 3726 658 3776; x_wconf 86' lang='lat' dir='ltr'><strong>sunt</strong></span> <span class='ocrx_word' id='word_1_223' title='bbox 717 3715 838 3775; x_wconf 75' lang='lat' dir='ltr'><strong>alia</strong></span> <span class='ocrx_word' id='word_1_224' title='bbox 895 3715 1138 3776; x_wconf 77' lang='lat' dir='ltr'><strong>similia.</strong></span> <span class='ocrx_word' id='word_1_225' title='bbox 1242 3715 1333 3774; x_wconf 83' lang='lat' dir='ltr'><strong>Ae</strong></span> <span class='ocrx_word' id='word_1_226' title='bbox 1382 3733 1694 3794; x_wconf 75' lang='lat' dir='ltr'><strong>nusquam</strong></span> <span class='ocrx_word' id='word_1_227' title='bbox 1748 3711 1918 3776; x_wconf 84' lang='lat' dir='ltr'><strong>deest</strong></span> <span class='ocrx_word' id='word_1_228' title='bbox 1968 3710 2332 3773; x_wconf 85' lang='lat' dir='ltr'><strong>huiusmodi</strong></span> 
     </span>
     <span class='ocr_line' id='line_1_30' title="bbox 292 3826 2329 3913; baseline -0.003 -22"><span class='ocrx_word' id='word_1_229' title='bbox 292 3833 492 3894; x_wconf 76' lang='lat' dir='ltr'><strong>exitus</strong></span> <span class='ocrx_word' id='word_1_230' title='bbox 555 3828 730 3913; x_wconf 77' lang='lat' dir='ltr'><strong>apud</strong></span> <span class='ocrx_word' id='word_1_231' title='bbox 785 3832 1145 3909; x_wconf 80' lang='lat' dir='ltr'><strong>Tibullum3</strong></span> <span class='ocrx_word' id='word_1_232' title='bbox 1226 3850 1370 3889; x_wconf 84' lang='lat' dir='ltr'><strong>nam</strong></span> <span class='ocrx_word' id='word_1_233' title='bbox 1431 3849 1761 3908; x_wconf 80' lang='lat' dir='ltr'><strong>perperam</strong></span> <span class='ocrx_word' id='word_1_234' title='bbox 1818 3829 1866 3892; x_wconf 89' lang='lat' dir='ltr'><strong>I.</strong></span> <span class='ocrx_word' id='word_1_235' title='bbox 1924 3828 2008 3886; x_wconf 90' lang='lat' dir='ltr'><strong>H.</strong></span> <span class='ocrx_word' id='word_1_236' title='bbox 2068 3826 2329 3885; x_wconf 81' lang='lat' dir='ltr'><strong>Vossius</strong></span> 
     </span>
     <span class='ocr_line' id='line_1_31' title="bbox 291 3935 2331 4033; baseline -0.003 -27"><span class='ocrx_word' id='word_1_237' title='bbox 291 3947 513 4027; x_wconf 79' lang='lat' dir='ltr'><strong>elegiae</strong></span> <span class='ocrx_word' id='word_1_238' title='bbox 581 3945 896 4010; x_wconf 80' lang='lat' dir='ltr'><strong>secundae</strong></span> <span class='ocrx_word' id='word_1_239' title='bbox 965 3946 1113 4005; x_wconf 86' lang='lat' dir='ltr'><strong>libri</strong></span> <span class='ocrx_word' id='word_1_240' title='bbox 1172 3943 1362 4024; x_wconf 79' lang='lat' dir='ltr'><strong>primi</strong></span> <span class='ocrx_word' id='word_1_241' title='bbox 1421 3941 1654 4033; x_wconf 85' lang='lat' dir='ltr'><strong>eripuit</strong></span> <span class='ocrx_word' id='word_1_242' title='bbox 1722 3940 2059 4019; x_wconf 83' lang='lat' dir='ltr'><strong>legitimum</strong></span> <span class='ocrx_word' id='word_1_243' title='bbox 2121 3935 2331 3999; x_wconf 88' lang='lat' dir='ltr'><strong>finem.</strong></span> 
     </span>
     <span class='ocr_line' id='line_1_32' title="bbox 287 4040 2328 4143; baseline -0.004 -22"><span class='ocrx_word' id='word_1_244' title='bbox 287 4059 519 4125; x_wconf 74' lang='lat' dir='ltr'><strong>Notat-e</strong></span> <span class='ocrx_word' id='word_1_245' title='bbox 564 4085 735 4126; x_wconf 87' lang='lat' dir='ltr'><strong>nunc</strong></span> <span class='ocrx_word' id='word_1_246' title='bbox 780 4065 1041 4143; x_wconf 82' lang='lat' dir='ltr'><strong>figuram</strong></span> <span class='ocrx_word' id='word_1_247' title='bbox 1089 4073 1357 4122; x_wconf 80' lang='lat' dir='ltr'><strong>mutatae</strong></span> <span class='ocrx_word' id='word_1_248' title='bbox 1398 4040 1735 4120; x_wconf 81' lang='lat' dir='ltr'><strong>sententiae</strong></span> <span class='ocrx_word' id='word_1_249' title='bbox 1781 4057 2001 4130; x_wconf 81' lang='lat' dir='ltr'><strong>debeO,</strong></span> <span class='ocrx_word' id='word_1_250' title='bbox 2047 4055 2230 4116; x_wconf 78' lang='lat' dir='ltr'><strong>etiam</strong></span> <span class='ocrx_word' id='word_1_251' title='bbox 2263 4055 2328 4114; x_wconf 90' lang='lat' dir='ltr'><strong>iu</strong></span> 
     </span>
     <span class='ocr_line' id='line_1_33' title="bbox 291 4165 2331 4262; baseline -0.004 -27"><span class='ocrx_word' id='word_1_252' title='bbox 291 4174 490 4252; x_wconf 77' lang='lat' dir='ltr'><strong>exitu,</strong></span> <span class='ocrx_word' id='word_1_253' title='bbox 539 4190 607 4239; x_wconf 93' lang='lat' dir='ltr'><strong>ut</strong></span> <span class='ocrx_word' id='word_1_254' title='bbox 660 4199 859 4262; x_wconf 84' lang='lat' dir='ltr'><strong>supra</strong></span> <span class='ocrx_word' id='word_1_255' title='bbox 905 4176 1056 4255; x_wconf 80' lang='lat' dir='ltr'><strong>dixi,</strong></span> <span class='ocrx_word' id='word_1_256' title='bbox 1098 4195 1282 4256; x_wconf 85' lang='lat' dir='ltr'><strong>saepe</strong></span> <span class='ocrx_word' id='word_1_257' title='bbox 1324 4183 1684 4253; x_wconf 80' lang='lat' dir='ltr'><strong>usurpatam</strong></span> <span class='ocrx_word' id='word_1_258' title='bbox 1732 4192 1768 4230; x_wconf 84' lang='lat' dir='ltr'><strong>a</strong></span> <span class='ocrx_word' id='word_1_259' title='bbox 1810 4170 2085 4231; x_wconf 83' lang='lat' dir='ltr'><strong>Tibulle.</strong></span> <span class='ocrx_word' id='word_1_260' title='bbox 2170 4165 2331 4229; x_wconf 87' lang='lat' dir='ltr'><strong>Vide</strong></span> 
     </span>
    </p>
   </div>
  </div>
 </body>
</html>
