3009 4725
463 259 574 323 LlBR.
595 259 652 322 lv.
696 261 826 325 cunni.
847 265 872 326 l.
1110 269 1170 328 421

150 440 196 501 24,
209 439 235 488 2.
255 439 360 490 uounte
380 435 457 488 etism
475 436 593 491 linense.
613 464 647 477 -
666 438 821 506 Valgius·
851 439 891 492 Be
908 438 941 492 C.
961 440 1070 495 Vsnuro
1089 439 1170 495 Ruro

149 551 234 603 nuper
249 542 372 588 sccurste
390 536 446 601 egit
463 536 503 586 uir
520 534 683 589 doctissimus
700 536 891 590 Wssunssrus
915 539 942 590 ln
958 538 1065 592 Poetsr.
1084 538 1168 592 latin.

150 633 204 686 Vit.
228 640 254 685 et
279 634 366 686 Germ.
392 634 498 700 Reliqq.
523 649 549 700 p.
572 637 626 685 203
644 650 702 701 sqq.
745 634 856 688 Florens
882 636 1001 702 Augusto
1025 639 1169 704 impetente

151 728 192 783 bic
215 734 255 784 vir
278 735 379 785 vinctae
405 738 432 784 et
455 732 558 784 solutae
576 733 701 784 oretionis
720 733 843 800 operibns
861 732 954 786 semem
974 734 1085 801 aliquem
1103 749 1168 787 con·

149 836 254 881 seentus
274 837 322 882 est.
365 834 451 897 Atque
469 830 595 897 imprimis
612 831 716 897 quidem
735 830 865 885 rhetorice
883 838 910 886 et
927 836 1095 899 grammatice
1111 840 1167 886 stu-

149 925 349 990 detrectavit,
375 935 402 980 et
420 929 524 996 scripsit
542 929 619 981 etism
644 943 711 995 opus
735 926 769 981 de
793 944 841 982 usu
865 929 1001 985 herbarum
1025 931 1058 984 sd
1076 934 1168 999 ungu·

21 1006 23 1027 ’
98 1073 102 1080 ,
149 1031 234 1092 stum,
258 1027 328 1094 quod
351 1033 437 1081 umen
462 1035 546 1082 morte
572 1043 712 1098 oppressus
735 1043 787 1082 non
812 1031 931 1084 obsolvit
968 1032 1035 1084 Cum
1054 1032 1167 1097 eleganti

150 1125 255 1191 ingenio
276 1132 354 1192 esset,
372 1128 481 1179 tentsvit
499 1128 577 1180 etism
594 1131 694 1197 poesin,
712 1128 759 1180 sed
777 1135 881 1197 prseter
897 1130 996 1195 elegius
1014 1126 1076 1181 nibil
1094 1130 1168 1182 vide-

150 1228 193 1274 tur
204 1223 324 1290 edidisse,
343 1225 405 1278 etsi
420 1241 496 1292 quum
512 1226 614 1277 landem
630 1225 669 1276 his
681 1227 837 1279 carminibus
854 1226 903 1279 sibi
923 1233 1069 1297 pepererat,
1088 1229 1167 1281 etism

149 1320 213 1376 lusce
238 1326 347 1375 eliorum
370 1325 523 1389 scriptorum
550 1321 618 1373 leudi
644 1324 738 1387 cessit,
766 1339 875 1390 quorum
900 1342 984 1394 paene
1008 1325 1169 1392 frequentior

149 1427 189 1470 est
206 1419 274 1485 apud
293 1420 434 1486 scriptores
451 1425 553 1470 veteres
579 1423 607 1470 et
630 1420 812 1485 grammaticos
836 1424 940 1475 mentio.
963 1422 1079 1492 ,Nempe
1096 1425 1168 1477 nullo

148 1530 259 1582 poeseos
276 1530 374 1582 genere
391 1515 546 1570 luculentius
565 1516 689 1568 excelluit
714 1516 782 1568 inter
799 1519 937 1584 aequales,
964 1526 992 1571 et
1009 1520 1089 1574 tuisse
1107 1537 1167 1575 eum

148 1603 276 1678 insigndn
305 1614 408 1681 epicum
436 1620 541 1682 postem
571 1627 697 1679 umnam
723 1629 786 1667 seue
816 1615 913 1681 legitur
942 1616 992 1668 nisi
1020 1614 1070 1668 boc
1098 1617 1167 1669 loco.

149 1712 248 1764 Censet
264 1713 345 1780 igitur
359 1715 549 1768 Wsrcusruus
569 1715 646 1768 etism
664 1714 724 1769 linio
742 1715 891 1770 testimonio
909 1714 971 1769 nihil
988 1714 1167 1780 tribuendum

148 1817 247 1865 temere
278 1818 306 1865 et
336 1813 475 1866 inscienter
499 1813 596 1866 ioelum
624 1813 745 1880 Valgium
773 1815 909 1882 egregium
934 1813 1035 1882 epicum
1060 1818 1164 1880 poetam

147 1912 181 1964 sb
198 1912 257 1979 ipso
275 1911 352 1966 buius
376 1907 498 1967 carolinis
521 1920 644 1980 suctore,
670 1916 716 1981 qni
739 1917 819 1968 sciret
843 1930 902 1967 euru
920 1915 1051 1967 Messalae
1068 1921 1095 1966 et
1116 1912 1164 1964 Ti·
1236 1912 1240 1920 '

146 2016 217 2068 bullo
241 2019 377 2085 eequslem
401 2034 507 2086 opernm
524 2017 628 2070 dedisse
652 2018 770 2071 versibus
789 2017 941 2074 scribendis.
977 2015 1056 2073 Quod
1078 2023 1163 2069 tumen

146 2132 197 2183 ego
222 2118 261 2172 sie
284 2135 336 2172 non
361 2117 453 2171 dicum.
496 2118 558 2173 Nou
582 2102 742 2173 nominasset
766 2125 846 2188 poete
871 2118 1010 2183 Valgium,
1034 2114 1082 2168 uisi
1109 2115 1165 2168 veri

146 2216 207 2280 quid
225 2217 344 2269 subesset
367 2220 414 2271 rel.
451 2218 564 2286 Nempe,
581 2225 611 2270 ut
627 2219 763 2287 suspicor,
787 2216 962 2269 meditabatur
981 2212 1089 2281 Valgius
1106 2218 1162 2268 tum

146 2316 247 2380 epicum
266 2330 374 2381 poemu‚
391 2323 419 2368 et
435 2321 575 2384 scripserat
592 2321 643 2372 ism
663 2321 815 2387 porticulum
834 2320 1008 2388 praeclarum,
1027 2325 1104 2385 quem
1122 2317 1163 2369 vl-

147 2410 222 2460 ‹lerst
239 2410 354 2463 blessels
372 2418 452 2476 etque
469 2414 550 2463 etism
568 2410 610 2463 lic
627 2421 704 2479 pocta
722 2419 819 2481 ultique
840 2419 970 2481 nonnulli,
998 2416 1063 2483 sed,
1087 2415 1163 2485 igno-

146 2514 201 2562 tum
219 2524 271 2576 qno
289 2524 352 2562 essu
360 2522 373 2573 ‚·
389 2523 440 2561 nou
458 2510 605 2562 absolutum
623 2517 665 2562 est
681 2527 747 2578 opus
765 2526 814 2573 nec
832 2513 929 2578 prodiit
946 2515 1066 2579 publices
1093 2512 1163 2567 unde

146 2605 180 2658 de
197 2606 273 2673 epioe
290 2608 364 2674 poesi
383 2607 469 2673 Vulgii
486 2604 549 2660 nihil
568 2612 703 2674 praetereo
720 2607 851 2659 traditum.
869 2635 906 2648 -
931 2612 1074 2677 propior
1098 2627 1163 2665 non

145 2708 238 2760 slter
255 2707 412 2759 Homero.
448 2706 509 2760 Non
526 2708 601 2761 nimis
620 2708 736 2773 urgendo
756 2707 825 2759 tulin.
850 2708 997 2761 Pnornun.
1010 2707 1032 2770 1,
1048 2712 1075 2770 t,
1091 2709 1161 2760 init:

144 2808 218 2857 Dum
236 2804 287 2856 tibi
305 2805 435 2857 Cadmeae
453 2804 598 2863 dicuntur,
616 2806 735 2861 Pontice,
756 2801 860 2856 Thebae
879 2833 914 2844 -
935 2804 1037 2875 Atque.
1055 2802 1098 2853 ita
1113 2804 1163 2855 sim

138 2908 223 2979 felix,
237 2908 325 2975 primo
343 2906 480 2958 contendis
498 2909 623 2962 Homero.
642 2933 677 2946 -
696 2908 728 2960 V.
747 2909 797 2957 181
816 2921 855 2972 sq.
878 2904 1066 2971 Languida.
1103 2903 1162 2957 Nou

145 3009 211 3061 bene
226 3009 321 3061 omims
339 3008 465 3077 particule
483 3008 540 3064 At,
560 3016 650 3058 tanen
667 3006 716 3060 bic.
752 3009 852 3059 Sensus
870 3011 970 3059 sutem=
996 3005 1161 3068 Quemquam

144 3108 252 3162 eduens
270 3110 372 3162 iortnus
390 3115 464 3174 utor,
492 3124 558 3177 quse
582 3125 632 3162 uon
652 3109 721 3161 levet
739 3106 849 3177 poeticis
866 3106 973 3170 studiis,
1001 3120 1052 3157 uon
1072 3111 1158 3157 tumen

144 3208 240 3259 otietur
264 3207 390 3259 industris
414 3222 472 3259 mes
496 3222 546 3260 nec
570 3208 656 3276 petius
678 3221 720 3257 me
744 3203 857 3257 obstrslri
872 3221 899 3256 s
924 3203 1043 3257 lendibus
1061 3204 1113 3257 tuis
1130 3208 1161 3256 ut

144 3313 238 3375 potero
262 3306 394 3360 canendis.
411 3333 449 3347 -
476 3306 575 3359 lsbor
598 3313 629 3361 ut
654 3300 730 3361 absos
755 3302 789 3356 de
814 3303 901 3356 studio
928 3304 1039 3372 poetico.
1057 3329 1092 3342 -
1125 3309 1160 3354 ut

141 3422 211 3461 snos
237 3414 291 3460 est
313 3407 380 3459 illi.
415 3407 531 3461 Fortuna
548 3412 579 3456 ut
600 3406 668 3457 solet
686 3418 781 3456 verere
807 3401 939 3471 homiues,
964 3405 1002 3457 sic
1021 3405 1098 3456 etiam
1116 3419 1158 3457 me

142 3513 221 3556 vexet
237 3508 347 3560 inimice.
390 3509 436 3560 Sic
454 3508 583 3574 explicatu
601 3505 681 3556 verbs
697 3521 750 3558 non
767 3504 843 3558 video
861 3505 924 3571 quid
943 3505 1094 3558 offensionis
1112 3502 1159 3555 bn-

141 3601 228 3654 besnt
265 3604 336 3656 Male
356 3605 480 3657 Bucnrus
501 3602 632 3657 distinxit:
658 3612 691 3655 ut
708 3622 764 3656 mos
781 3612 840 3658 cst,
858 3603 968 3667 iungens
986 3601 1028 3651 illi
1046 3600 1159 3666 (labori)

141 3702 265 3757 adversa,
283 3701 353 3766 quod
371 3705 446 3755 uelde
465 3704 587 3756 ieiunum.
602 3729 636 3741 ·-
654 3702 668 3756 i
672 3707 803 3774 stiget,
821 3704 910 3761 vexet,
926 3698 1013 3751 Vise.
1032 3699 1097 3750 Aen.
1114 3697 1160 3760 Vl,

139 3800 210 3851 5332
238 3814 275 3847 ars
301 3815 371 3867 quae
395 3809 421 3849 ie
440 3803 561 3871 sor-tuna
582 3802 719 3878 fatigat?
736 3833 772 3846 -
801 3801 836 3855 V.
856 3800 909 3851 183
927 3811 985 3863 sqq.
1021 3798 1088 3850 Cum
1104 3811 1164 3849 nnn.
1273 3843 1276 3847 .

138 3898 201 3949 713.
229 3902 288 3963 post
312 3897 438 3962 proelium
465 3900 628 3971 Philippense
653 3913 817 3981 Octavium„
843 3906 874 3954 et
903 3898 1031 3954 Antonius
1053 3898 1168 3965 legiones

140 4013 201 4052 suss
224 3997 398 4066 migmnone
422 3999 494 4067 large
512 4018 632 4069 surorum
653 4010 914 4097 tomussfflfflm‘'
941 4006 1025 4065 etism
1039 3998 1085 4054 bic
1098 4005 1175 4069 poete
