3009 4725
306 458 404 503 nxxvi
715 435 776 498 DE
800 433 921 503 toust

305 617 376 681 loco
397 616 421 695 Ῑ,
444 621 474 694 8,
492 615 609 675 emo.
629 622 701 693 poet
720 610 887 675 introitum
904 608 1021 694 pellicit
1037 613 1177 675 Pholoen
1200 610 1240 674 ad
1258 614 1328 675 Ma·

305 730 389 793 rothi
409 747 502 792 usum
524 726 584 804 sic,
615 736 651 787 ut
677 725 816 806 primum
845 725 995 789 iuvenilia
1023 727 1162 789 membru
1184 726 1276 807 pueri
1297 736 1328 786 et

306 842 436 908 humide
456 842 563 906 oscula
583 838 780 905 commendet
804 863 836 906 r.
860 845 981 920 3ί·38,
1010 853 1078 904 tum
1108 852 1250 923 opponat
1277 859 1327 901 se-

306 970 462 1022 nectutem
492 957 612 1019 tristem
639 958 763 1038 puellae
793 969 865 1040 poet
895 959 1090 1039 absumptam
1115 955 1268 1018 inutiliter
1293 955 1328 1016 in

306 1071 376 1136 cani
406 1070 552 1133 amatorie
581 1072 729 1150 amplexu
763 1083 896 1132 aetatem
926 1093 959 1135 r.
990 1073 1106 1132 39-46.
1164 1069 1328 1131 Postremo

305 1185 409 1247 exitus
429 1182 593 1245 subiicitur
611 1185 694 1247 loco.
741 1182 839 1247 Aliud
860 1187 1041 1270 exemplum
1061 1187 1164 1250 statim
1186 1186 1329 1269 sequitur

304 1300 339 1362 in
362 1297 473 1362 eodem
500 1298 638 1361 carmine
659 1315 691 1362 v.
713 1303 830 1364 55-64.
857 1302 914 1363 ubi
941 1322 1023 1382 puer
1043 1303 1189 1363 miseram
1210 1309 1327 1358 sortem

305 1433 393 1475 suam
410 1410 567 1491 describit,
589 1415 645 1498 qni
659 1413 794 1477 Veneris
811 1416 945 1476 furtivae
967 1426 1049 1475 ertee
1070 1412 1187 1493 optime
1208 1411 1325 1485 calleat,

304 1540 335 1591 at
356 1531 494 1611 puellam
516 1532 612 1593 nolle.
663 1531 765 1593 Porro
786 1528 858 1593 vide
879 1532 973 1592 haece
1001 1526 1026 1605 1,
1049 1535 1079 1605 2,
1101 1533 1216 1591 67-80.
1237 1542 1326 1585 atno-

302 1642 346 1706 ris
375 1643 424 1705 sni
451 1643 516 1707 vim
544 1646 743 1727 oppositione
772 1644 879 1707 rivalis
905 1642 1057 1724 illustram
1090 1643 1130 1720 tt,
1152 1644 1182 1720 4,
1208 1646 1326 1705 39-50.

303 1777 467 1821 exsecrans
493 1741 818 1824 Nemesis'avaritinm
846 1760 911 1824 vim
932 1760 1073 1842 picturae
1103 1772 1195 1839 auget
1224 1777 1326 1839 oppo-

302 1869 415 1933 sitione
436 1873 541 1937 bonae
563 1875 688 1956 puellae
709 1876 874 1957 luctusque
896 1874 971 1937 huic
996 1886 1070 1956 post
1094 1887 1227 1936 mortem
1250 1892 1325 1935 con·

302 1987 429 2069 secrati5
460 1988 495 2049 in
518 1990 615 2069 elegia
646 1990 671 2069 1,
694 1995 725 2052 5.
756 2002 861 2054 autem
889 2012 920 2054 v.
942 1990 982 2050 49
1006 2009 1075 2071 sqq.
1104 1989 1194 2048 lenae
1223 1984 1325 2062 turpi·

280 2102 380 2166 ludo
403 2115 434 2165 et
463 2102 564 2164 officia
592 2103 700 2165 sedula
726 2105 857 2164 amantis
881 2101 922 2160 ad
946 2120 1044 2159 unum
1065 2098 1159 2157 finem
1180 2096 1241 2156 eibi
1265 2114 1323 2174 op·

302 2228 469 2297 ponuntur
492 2214 623 2290 egregie.
665 2212 728 2273 Sed
749 2215 784 2272 in
806 2211 915 2273 eodem
944 2210 1099 2284 carmine,
1120 2211 1144 2286 Ι,
1169 2215 1198 2286 5,
1227 2210 1322 2273 9-49.

301 2328 394 2389 etiam
421 2325 572 2387 illustrius
603 2325 783 2402 exemplum
818 2320 1051 2401 compositionis
1082 2321 1178 2384 huiue
1210 2333 1320 2402 exstat,

302 2444 358 2504 ubi
377 2446 461 2503 tn'um
482 2443 625 2500 locorum
651 2439 731 2499 serie
760 2438 978 2518 oppositorum
1007 2435 1046 2509 de
1069 2460 1145 2499 eura
1166 2440 1247 2502 circa
1269 2461 1320 2502 ae-

299 2565 474 2636 grotantem
496 2561 638 2630 amatam,
665 2546 704 2612 de
728 2551 873 2613 felicitate
896 2549 969 2612 iude
991 2565 1114 2632 sperata
1135 2555 1261 2633 frustra3
1281 2553 1320 2618 de

301 2665 410 2729 dolore
440 2666 536 2727 animi
564 2677 632 2728 tum
660 2679 730 2729 orto
760 2668 923 2747 magnifica
949 2668 997 2730 vie
1023 2654 1170 2750 querelae
1193 2662 1323 2733 exsistit.

300 2785 405 2865 Atque
426 2782 487 2846 hoc
515 2801 673 2843 eummtuu
701 2793 749 2842 est
775 2781 811 2841 iu
840 2781 901 2843 hoc
926 2800 1057 2861 genere3
1086 2782 1322 2863 quaternarium

300 2918 466 2960 numerum
488 2894 649 2959 admittere
672 2917 738 2959 non
759 2897 871 2977 potuit.
913 2896 1060 2959 Ceterum
1078 2908 1166 2959 tanta
1182 2900 1229 2962 vie
1245 2920 1322 2963 con·

299 3011 455 3076 cinnitatic
477 3009 561 3092 apud
583 3011 745 3072 Tibullum
766 3020 820 3087 eet,
841 3022 877 3072 ut
897 3010 947 3072 vel
967 3011 1003 3072 in
1023 3012 1072 3074 hie
1094 3012 1194 3074 allatis
1214 3033 1320 3075 exem-

297 3125 366 3208 plia,
390 3127 447 3187 ubi
465 3145 532 3187 non
550 3122 681 3189 disticho
701 3124 849 3202 distichis,
871 3125 927 3187 sed
948 3126 1081 3188 maiores
1103 3129 1165 3189 loci
1184 3127 1245 3189 sibi
1262 3148 1318 3209 op-

297 3253 477 3325 ponuntur,
497 3245 684 3325 plerumque
706 3242 878 3327 aequabilis
899 3240 1080 3323 magnitudo
1102 3240 1317 3323 oppositarum

298 3354 435 3436 partium
457 3353 722 3436 deprehendatur.
762 3357 866 3440 Atque
887 3355 965 3418 haec
986 3357 1164 3419 hactenus·

384 3468 480 3530 Tana
511 3469 614 3530 forma
645 3470 879 3552 compositionis
910 3472 1046 3549 grodntb
1077 3483 1138 3549 eet,
1171 3470 1227 3532 ubi
1256 3467 1318 3529 orti

298 3577 453 3645 divisione
474 3584 650 3661 argumenti
670 3583 831 3648 cuiusdam
854 3583 979 3649 ordines
994 3605 1100 3648 rerum
1116 3581 1234 3646 diversi
1247 3600 1317 3659 gra·

298 3694 404 3787 detim*
425 3709 580 3760 crescente
608 3699 641 3761 vi
672 3699 733 3762 eibi
761 3682 943 3765 succedunt.
994 3699 1040 3760 Ac
1067 3696 1213 3758 Tibcdlns
1237 3691 1318 3756 duos
1358 3744 1362 3750 .

297 3811 365 3874 fere
386 3823 440 3874 aut
460 3824 525 3874 tren
544 3810 672 3876 ordines
693 3814 799 3876 habet.
848 3812 1020 3876 Videamus
1041 3812 1178 3892 primum
1201 3808 1320 3890 simpli-

297 3925 391 3989 ciana.
433 3926 530 4007 igitur
554 3922 637 3992 dune
661 3942 734 3991 suut
759 3941 864 4009 partes
885 3926 1075 4008 gradationis
1097 3929 1132 3988 in
1154 3925 1203 3989 his
1224 3924 1317 3987 locis:

295 4036 399 4101 Carni.
419 4040 443 4116 Ι,
462 4047 492 4117 3,
514 4047 606 4104 9-20.
629 4042 817 4104 anxietatem
840 4043 873 4103 in
896 4040 1030 4103 discetur
1052 4061 1112 4102 suo
1134 4049 1316 4118 regnantem

295 4154 443 4238 bipartito
466 4155 610 4220 describit
633 4158 686 4236 ita,
708 4170 744 4219 ut
763 4170 794 4220 et
811 4157 922 4220 Deliae
942 4154 1184 4219 uffimudtnem
1205 4152 1316 4237 depin-
