3009 4725
323 427 393 468 civi
731 404 790 466 DE
813 402 936 471 POESI

321 578 507 639 membrorum
534 574 661 657 postulat
690 578 745 636 aas
773 580 890 657 perium
910 581 954 652 oi,
985 579 1040 640 sies
1064 597 1116 660 por
1145 576 1344 654 gradabbnsm

320 697 605 754 sumendorum-
652 689 817 752 Postremo
839 688 878 753 de
899 690 1049 773 Madame
1071 711 1213 774 quaeras.
1263 688 1344 753 Cum

323 807 417 866 huius
440 802 541 884 poesis
562 802 723 864 remissior
742 801 784 868 sit
805 815 835 865 et
853 802 961 884 vigore
982 804 1101 868 mamre
1123 815 1239 882 carent,
1268 826 1342 867 raro

322 920 423 980 utitur
443 916 624 997 anaphora,
658 928 694 980 ut
714 915 805 979 facile
825 929 998 1001 exspectes.
1053 916 1228 982 Nervosior
1254 918 1342 979 loeus

321 1041 370 1093 est
388 1029 445 1102 111,
467 1033 497 1102 6,
521 1032 560 1090 ts
582 1049 669 1111 sqq.:

406 1144 463 1208 llle
484 1142 558 1206 facit
575 1143 665 1205 mites
687 1141 809 1205 animos
831 1139 923 1220 deus,
942 1142 996 1205 ille
1018 1145 1155 1207 ferocem

450 1253 602 1318 Contudit
624 1266 656 1317 et
676 1252 821 1317 dominae
842 1254 928 1317 misit
944 1255 980 1319 in
1005 1258 1183 1335 arbitrium,

405 1368 570 1431 Armenias
588 1368 681 1448 tigres
703 1379 734 1430 et
755 1369 857 1432 fulvas
878 1369 931 1431 ille
953 1371 1078 1432 leaenas

448 1482 533 1545 Vicit
553 1494 582 1544 et
604 1478 766 1544 indomitis
787 1483 893 1544 mollia
913 1480 1009 1545 eorda
1030 1478 1129 1559 dedit,

323 1592 378 1656 sed
403 1591 457 1657 diu
479 1614 611 1678 quaeras
631 1595 682 1657 hic
704 1596 800 1657 elium
821 1596 964 1660 similem.
1014 1595 1079 1658 Ubi
1105 1595 1246 1659 invenias
1277 1596 1346 1657 illas

323 1709 499 1787 praeclaras
522 1706 703 1787 divisiones,
732 1709 958 1792 oppositiones,
979 1707 1192 1790 gradationes,
1220 1709 1252 1769 in
1275 1710 1347 1791 qui·

322 1823 384 1883 bus
414 1819 498 1903 apud
519 1823 684 1885 Tibullum
714 1823 877 1904 anaphora
904 1819 1069 1904 splendet?
1122 1823 1243 1904 Nempe
1269 1825 1368 1892 haec,

323 1935 422 2014 figura
443 1932 537 1997 etiam
563 1935 778 1999 inventionem
807 1939 946 2018 postulat
966 1946 997 1999 et
1017 1937 1199 2002 varietatem
1224 1935 1346 1996 felicem

325 2046 564 2127 sententiarum,
590 2051 714 2130 qualem
736 2049 864 2113 Tibullo
886 2049 1003 2128 ingenii
1023 2049 1149 2110 ubertas
1168 2046 1346 2128 suppedita-

324 2161 399 2236 bat,
415 2158 578 2242 Lygdamo
596 2174 699 2223 autem
716 2181 782 2223 nou
805 2159 997 2224 donaverant
1020 2157 1074 2220 dii.
1116 2158 1247 2240 Saepius
1268 2179 1345 2221 vero

326 2269 545 2353 deprehendas
567 2295 658 2337 usum
682 2273 860 2353 anaphoras
886 2271 1116 2347 nervosiorem,
1148 2271 1204 2331 ubi
1226 2291 1277 2332 res
1299 2272 1346 2332 fe·

324 2388 433 2466 rebat,
454 2387 487 2449 in
512 2387 649 2468 elegidiis
678 2385 783 2467 quarti
803 2384 892 2461 libri,
920 2372 1062 2447 maxime·
1088 2406 1183 2447 carm.
1203 2392 1236 2448 2.
1257 2397 1288 2449 et
1305 2391 1345 2463 3.,

325 2512 357 2562 et
383 2500 435 2563 hie
462 2501 526 2575 illio
554 2501 589 2563 in
617 2498 743 2576 ceteris,
774 2510 808 2561 ut
836 2497 942 2578 ipsum
962 2497 1125 2563 Tibullum
1149 2497 1258 2561 audire
1288 2501 1348 2562 tibi

258 2608 261 2613 ’
324 2612 470 2687 videaris.
488 2648 532 2659 -
572 2612 721 2683 Diximus
744 2608 784 2672 de
812 2611 992 2692 anaphora3
1021 2624 1147 2675 nauseo
1180 2614 1223 2675 ad
1252 2625 1349 2676 caera

325 2729 472 2797 schcmate
498 2727 578 2791 tuas
603 2729 722 2805 gerari.
764 2725 820 2786 Est
849 2736 954 2788 autem
984 2726 1065 2787 aliud
1093 2725 1233 2789 notabile
1260 2748 1349 2805 gerim

325 2845 487 2923 repudiaris
510 2845 539 2901 in
558 2843 688 2922 opposta
707 2843 859 2916 mortib,
891 2859 964 2900 eum
990 2858 1051 2920 pro
1076 2838 1264 2920 pronomine
1294 2838 1348 2903 de·

326 2953 532 3018 monstrativa
561 2952 784 3032 significantius
813 2962 844 3012 et
872 2950 969 3031 magis
996 2948 1119 3034 poetice
1143 2948 1226 3013 inter
1251 2955 1348 3018 verba

326 3064 457 3129 secundi
475 3066 539 3128 loci
557 3064 662 3147 ipsum
682 3085 815 3142 nomen,
836 3063 941 3146 ipsum
962 3066 1114 3143 verbum,
1134 3066 1204 3149 ipso
1227 3067 1349 3148 phrasis

326 3183 417 3264 prior
435 3177 534 3253 redit,
564 3191 601 3242 ut
620 3179 691 3241 Tib.
709 3180 741 3256 l,
763 3179 801 3256 4,
824 3180 884 3240 742

413 3296 500 3363 Haeo
521 3295 616 3373 mibi,
644 3313 725 3377 quae
748 3311 893 3365 canerem
913 3289 1013 3369 Titio,
1042 3288 1118 3355 deus
1140 3287 1236 3354 edidit
1257 3312 1327 3356 ores

455 3409 516 3473 Sed
542 3411 642 3472 lilium
666 3406 806 3481 coniunx
829 3406 906 3467 baec
928 3403 1104 3495 meminisse
1127 3416 1221 3469 vetat.

329 3547 378 3606 pr.
398 3522 455 3586 sed
476 3543 560 3585 sum.
600 3524 703 3584 Porro
723 3522 764 3596 ll,
785 3520 817 3599 4,
839 3522 899 3581 51:

412 3637 499 3697 Vera
519 3630 648 3716 quidem
669 3653 806 3710 moneo,
837 3629 894 3693 sed
913 3644 1045 3714 prosunt
1066 3628 1143 3715 quid
1164 3627 1241 3692 mihi
1262 3630 1352 3690 sero?

329 3770 378 3829 pr.
399 3745 454 3811 sed
476 3744 553 3830 quid
576 3746 653 3809 mibi
672 3757 806 3828 prosunt
826 3741 924 3808 hoec?

330 3863 412 3924 Vide
435 3864 526 3924 etiam
548 3862 587 3939 ll,
611 3867 640 3939 6,
665 3866 724 3923 11:

416 3980 531 4058 Magna
545 3978 678 4059 loquor,
707 3971 763 4035 sed
783 3972 944 4052 magnifice
966 3969 1043 4033 mihi
1060 3990 1168 4047 mapsa
1188 3971 1278 4031 bauto

458 4089 629 4152 Excutiuut
652 4088 774 4148 clausae
796 4085 890 4149 fortia
911 4085 1009 4149 verba
1030 4082 1125 4144 sores.
