3009 4725
299 424 361 481 ill
536 409 816 479 COMMENTAR.
839 408 884 474 ΙΝ
904 404 1079 472 TIBULLI

303 586 433 657 NJmphr's
458 585 540 637 alium
566 599 684 656 curaque
711 596 837 652 umorque
857 578 922 649 sui,
949 585 975 631 et
1002 578 1085 629 Vltro.
1111 576 1206 647 Eulog.
1223 582 1258 650 X,
1278 591 1322 642 di.

301 693 364 743 hen.
381 687 427 752 lv,
445 690 507 741 alr.
525 713 561 726 -

371 786 403 838 v.
423 788 531 837 ati-tlt.
558 780 707 837 hledlum
729 791 870 830 carmen.
903 772 988 826 Pers
1006 773 1169 827 secunda.
1197 778 1319 835 Aetati

301 886 474 955 mythieue
493 884 602 938 omnia
621 894 680 950 pro
706 892 821 931 umore
842 876 995 928 tolerare
1020 877 1163 940 paratae
1181 870 1317 928 hodier-

300 1006 375 1044 num
402 987 575 1041 saeculnm
601 977 803 1048 opponitur,
833 972 994 1042 praedae,
1019 985 1131 1038 opum,
1156 973 1315 1027 luxuriae

386 1091 392 1102 .
466 1098 498 1134 m·
518 1107 553 1119 ,-

299 1087 460 1235 ηυάνι.ο;ἒ
471 1191 527 1238 sqq.
563 1175 603 1222 at
620 1173 662 1218 tu.
699 1166 783 1218 Poeta
802 1166 895 1233 plenus
914 1167 1076 1232 cogitatione
1094 1169 1197 1236 priscae
1214 1170 1315 1236 uentis,

296 1282 339 1333 ubi
364 1289 436 1327 amor
459 1265 589 1333 pulchrius
614 1261 735 1329 vigebat,
762 1269 791 1315 et
809 1264 833 1316 in
858 1282 887 1318 se
911 1280 1016 1332 quoqne
1039 1270 1156 1321 sentiens
1174 1269 1316 1324 nobiliores

261 1391 265 1394 ·
293 1379 366 1438 ignea
386 1377 412 1421 et
437 1370 554 1435 paratum
575 1364 713 1417 adomnia
733 1379 782 1432 pro
800 1380 888 1419 amore
906 1366 1042 1421 subeunda
1060 1368 1189 1436 animum,
1215 1377 1242 1424 nt
1261 1387 1316 1436 vos,

290 1472 341 1535 nit,
366 1470 411 1536 qui
431 1481 548 1520 umorem
574 1467 688 1533 iniquum
707 1465 880 1533 experimini,
907 1466 976 1535 apud
995 1482 1038 1520 me
1056 1467 1148 1521 discite
1168 1476 1195 1522 et
1213 1470 1238 1522 in
1257 1487 1315 1524 mee

292 1570 368 1625 domo
388 1567 539 1623 amatorium
558 1566 691 1631 militiam,
709 1569 739 1617 ut
761 1565 865 1631 studio,
882 1565 985 1631 officio,
1003 1567 1111 1620 servitio
1129 1567 1252 1622 ddisrimo
1269 1586 1315 1623 ea·

293 1671 379 1740 piatur
403 1683 476 1719 umor
502 1666 691 1728 formosorum
719 1678 779 1716 nam
798 1663 879 1731 vulgo
898 1663 999 1718 ridetur
1017 1667 1112 1735 Apollo
1131 1667 1199 1736 epud
1218 1668 1314 1721 lldme-

292 1778 348 1823 tum
367 1769 492 1831 serviens,
510 1766 590 1831 vulgo
616 1764 693 1817 ulieni
718 1780 788 1818 nuno
814 1762 930 1819 homiues
954 1764 1046 1818 abhis
1066 1767 1143 1820 rebus
1162 1769 1213 1821 alia
1228 1775 1315 1822 eastra

291 1876 450 1939 sequnntur,
480 1884 529 1921 nec
547 1868 677 1921 Venerem
702 1866 749 1920 sed
776 1866 898 1936 praedem
917 1866 1024 1921 laudent
1049 1870 1128 1921 armis
1154 1883 1314 1935 conseqnen-

293 1971 360 2023 dam.
404 1967 525 2020 Tenebat
543 1966 610 2019 enim
630 1966 678 2017 ista
697 1965 831 2017 luxuriosa
849 1972 936 2018 aelate
954 1982 1018 2034 pree
1035 1967 1094 2020 aliis
1111 1968 1229 2020 omnibns
1247 1967 1313 2018 diri·

292 2073 385 2125 tiorum
403 2068 531 2137 cupiditas
549 2067 657 2130 animos,
674 2065 747 2119 dives
760 2066 870 2133 quisque
888 2066 944 2118 lieri
963 2066 1077 2131 volebat,
1096 2068 1170 2119 euius
1186 2068 1223 2119 rei
1239 2082 1311 2134 apem

291 2186 351 2223 cum
370 2168 459 2221 militia
479 2183 513 2220 ex
532 2166 629 2234 prueda
646 2165 810 2229 ostenderet,
839 2163 903 2216 hane
928 2166 1033 2233 plurimi
1053 2172 1106 2216 tum
1124 2166 1310 2231 sequebantur.

291 2269 352 2321 Huc
370 2268 467 2334 igilur,
486 2267 537 2330 nit,
557 2280 682 2319 conversa
702 2278 825 2332 praesens
844 2265 927 2316 terren
946 2269 1019 2314 netas
1039 2277 1086 2330 pro
1103 2277 1193 2315 umore
1211 2265 1311 2317 servire

291 2384 342 2421 non
369 2369 440 2432 vult,
469 2382 521 2433 quo
547 2371 633 2417 tamen
658 2360 720 2416 nihil
740 2361 844 2416 ridetur
869 2359 1010 2431 pulchrius.
1055 2360 1155 2419 Quodsi
1181 2360 1245 2417 haee
1268 2373 1309 2418 eat

291 2481 353 2518 vera
370 2481 442 2517 mena
460 2469 562 2533 poetae,
581 2469 610 2514 ut
629 2462 672 2514 viu
690 2460 847 2527 dubitemus,
863 2467 973 2528 epperet
987 2476 1040 2528 quo
1057 2463 1167 2514 transitu
1185 2463 1218 2515 ab
1235 2470 1310 2518 aute-

292 2562 444 2616 cedentibus
461 2562 494 2615 ad
513 2561 650 2627 sequentis
675 2560 760 2613 oratio
786 2558 919 2628 procedat
955 2559 1004 2611 llla
1030 2575 1093 2613 uero
1116 2561 1169 2613 alie
1193 2564 1311 2628 quaestio

291 2671 340 2730 eat,
358 2678 418 2716 num
434 2662 560 2731 optimum
579 2661 714 2714 transitum
732 2659 853 2713 Tibullus
868 2661 987 2727 elegerit.
1024 2662 1104 2715 Certe
1123 2678 1201 2717 nemo
1218 2680 1313 2718 necu-

290 2765 382 2819 suriunt
409 2778 513 2815 cansam
539 2762 690 2814 indicaverit
709 2761 879 2829 interpositae
898 2762 966 2815 inter
991 2763 1178 2833 descriptiones
1195 2772 1309 2819 notatum

289 2863 434 2916 sententiae
452 2861 485 2914 de
505 2863 559 2913 suis
578 2863 686 2925 castris,
710 2877 761 2927 qua
779 2862 841 2929 quid
863 2878 967 2916 armen
986 2864 1101 2918 lucretur
1119 2881 1169 2918 non
1191 2872 1308 2935 apparel.

290 2966 440 3035 Simplicius
458 2970 486 3017 et
506 2963 640 3015 nemesius
658 2961 788 3030 dicerem,
815 2966 836 3017 ai
855 2967 979 3020 continuo
999 2983 1014 3019 a
1037 2965 1149 3033 mythico
1167 2974 1254 3021 aetate
1272 2966 1305 3020 ad

289 3068 438 3121 hodiernam
464 3080 511 3133 per
541 3064 731 3132 oppositionem
753 3065 908 3118 transiisset.
926 3095 962 3106 -
987 3067 1042 3118 cui
1068 3067 1165 3120 tristi
1192 3066 1309 3118 fronte

290 3164 423 3233 Cupido
450 3164 597 3230 imperat
623 3178 644 3213 s.
671 3162 818 3229 imperitat,
847 3162 872 3215 h.
891 3179 915 3215 e.
944 3164 985 3215 cui
1011 3164 1077 3217 dors
1103 3167 1189 3235 puella
1216 3172 1258 3218 est
1282 3170 1310 3218 et

290 3278 399 3330 aspere,
426 3262 471 3329 qni
491 3277 541 3314 non
562 3260 679 3313 secondo
698 3260 797 3326 gaudet
814 3277 901 3314 amore
919 3269 946 3314 et
966 3279 1062 3331 eapere
1080 3266 1192 3316 animum
1211 3264 1311 3317 sormo-

290 3375 336 3412 sae
354 3363 435 3429 cupit,
471 3361 525 3413 Pro
548 3358 592 3412 Im
603 3366 701 3428 perat
719 3366 754 3411 ut
776 3348 931 3413 antemium
951 3362 1013 3414 olim
1030 3361 1167 3431 imperitat
1186 3361 1310 3415 emenda-

290 3464 344 3512 tum
372 3465 428 3525 est,
454 3460 523 3526 quod
549 3462 628 3528 vulgo
653 3467 787 3529 receptum
813 3461 918 3528 legitur.
957 3463 1043 3515 Utitur
1061 3468 1148 3514 eutero
1166 3462 1211 3513 tuli
1229 3459 1309 3512 verbo

289 3555 331 3609 hic
356 3561 383 3608 et
407 3555 593 3626 imperatorem
619 3559 680 3612 iacit
706 3561 877 3629 Cupidinem,
903 3568 934 3615 ut
960 3563 1046 3615 statim
1072 3560 1105 3614 de
1130 3560 1222 3614 eastris
1246 3558 1311 3611 dicit

289 3654 408 3718 Amoris3
444 3656 552 3721 opponit
580 3659 647 3710 enim
678 3661 704 3712 in
734 3663 903 3729 sequentibus
933 3663 1051 3715 bellicam
1084 3661 1202 3713 militiam
1230 3660 1310 3725 vulgo

290 3755 445 3824 probatam,
472 3753 516 3804 eui
540 3756 579 3807 rei
605 3773 673 3810 nunc
698 3761 841 3829 respondet
865 3759 1040 3830 metaphorica
1060 3759 1134 3813 huius
1153 3760 1203 3812 loci
1221 3759 1310 3812 dictio.

288 3856 386 3910 Conier
402 3856 435 3908 ad
454 3855 476 3921 l,
493 3859 520 3922 3,
538 3860 582 3911 33.
601 3884 635 3898 -
664 3869 786 3914 nostre
803 3862 874 3913 sint
893 3865 950 3911 tus
968 3868 1087 3912 cestra
1105 3861 1217 3924 domo,
1241 3858 1266 3913 h.
1285 3874 1310 3913 e.

288 3959 356 4027 apud
376 3975 417 4012 me
436 3959 508 4012 disee
525 3961 645 4014 militiam
661 3962 829 4025 amatorium,
849 3958 942 4026 quibus
961 3958 1069 4025 ciliciis,
1087 3961 1254 4025 ministeriis,
1272 3960 1311 4012 ls-

288 4059 394 4113 boribns
411 4060 582 4129 suscipiendis
606 4061 720 4115 savorem
741 4060 844 4128 puellae
863 4059 910 4111 tihi
930 4061 1069 4114 conciliare
1089 4062 1180 4130 possis.
1226 4059 1313 4112 Docta

288 4156 347 4210 inde
365 4163 406 4210 est
424 4159 536 4224 locutio,
563 4159 635 4225 quod
661 4158 687 4211 in
712 4157 805 4212 castris
830 4157 925 4212 milites
944 4157 1055 4215 Romani
1081 4158 1312 4213 exercitutiouibua
