3009 4725
292 378 356 436 234
531 375 811 442 COMMENTAR.
835 377 879 442 IN
902 377 1074 442 TIBULLI

291 550 386 617 plioem
404 551 516 616 cultum,
542 560 570 604 at
588 551 658 605 Coas
681 558 767 605 restes
791 552 973 621 etsmauclpla
991 549 1143 620 Aethiopica
1165 559 1192 605 et
1212 556 1313 607 colores

290 650 402 701 selectos
427 650 449 700 ai
474 649 627 717 praebeam,
654 651 754 717 gratior
771 651 828 702 sim.
865 650 942 703 'l'alia
964 653 1033 704 euim
1059 656 1158 715 amant,
1186 652 1248 705 talia
1266 655 1310 718 qrri

291 750 383 813 offert,
403 766 509 816 reguum
528 757 615 816 tenet,
633 751 683 803 etsi
702 752 760 803 vilis
779 750 856 803 homo
874 753 923 816 sit,
940 752 979 803 uti
998 766 1064 803 uuuo
1082 750 1212 802 Nemesim
1232 748 1309 803 bomo

291 849 411 912 capitor
431 848 526 916 praeda
544 849 632 914 dives,
656 866 735 918 saepe
753 851 815 902 olim
833 852 902 902 iuter
919 851 1046 918 maucipia
1065 849 1190 900 venditus.
1227 848 1309 900 Vobis

290 952 393 1011 autem,
423 948 511 1000 rustici
535 948 587 1013 dii,
615 949 658 1014 qui
682 964 750 1000 nunc
774 949 856 1016 copiis
881 950 975 1000 restris
992 949 1111 999 allectam
1129 947 1256 1000 abducitis
1273 963 1307 1000 ex

290 1043 354 1095 urbe
371 1045 483 1111 puellam
501 1047 526 1097 in
547 1046 627 1098 ditem
646 1046 748 1110 uillam,
767 1044 862 1096 devota
879 1051 957 1098 sunto
975 1061 1081 1098 munera
1096 1053 1183 1098 restra
1200 1053 1227 1097 et
1245 1061 1306 1112 per·

288 1147 348 1193 eaut
369 1145 469 1211 potius,
495 1162 527 1197 ue
546 1161 605 1197 rura
624 1146 724 1212 puellae
742 1146 810 1210 sint3
838 1146 945 1198 meliora
971 1148 1033 1199 olim
1058 1155 1177 1214 tempora
1194 1146 1307 1209 luerunt,

289 1258 348 1295 cum
372 1244 507 1310 glandibus
535 1251 562 1296 et
588 1260 653 1312 aqua
678 1248 795 1297 viverent
820 1244 936 1298 homines
961 1247 987 1298 iu
1014 1248 1139 1314 pellibus,
1167 1253 1195 1298 at
1213 1248 1308 1298 amoris

288 1342 382 1406 gaudia
409 1344 489 1394 libere
516 1344 605 1396 Venus
633 1344 786 1411 praeberet,
814 1360 863 1397 aec
888 1351 978 1398 custos
1003 1352 1031 1397 et
1054 1348 1131 1398 ianua
1157 1345 1308 1399 excluderet

286 1448 421 1493 amantem,
460 1441 535 1495 Nunc
559 1451 646 1496 autem
669 1446 732 1510 quid
757 1445 867 1513 prodest
889 1444 951 1497 mibi
976 1451 1039 1512 toga
1067 1447 1189 1513 elegans,
1215 1448 1307 1499 sinon

285 1538 360 1591 video
386 1541 521 1607 puellnrn‘l
556 1542 638 1594 Immo
664 1542 738 1610 ruitto
765 1541 846 1606 haec,
874 1543 996 1596 abducite
1024 1560 1066 1595 me
1094 1545 1120 1595 iu
1146 1548 1306 1609 seruitutem,
1339 1515 1343 1524 ¹

286 1654 353 1707 opus
372 1644 495 1696 rusticum
514 1643 606 1695 faciam
623 1644 652 1696 iu
675 1644 746 1710 agris
771 1643 906 1709 dominae,
933 1651 964 1697 ut
980 1646 1109 1698 interdum
1128 1648 1219 1698 saltem
1236 1645 1307 1697 fruar

286 1741 342 1793 eius
366 1742 501 1811 adspectu.
536 1745 576 1797 lta
601 1744 730 1797 Tibullus.
768 1748 885 1814 Apparet
910 1762 944 1799 ex
968 1744 1017 1799 liae
1042 1748 1204 1799 enarratione
1226 1762 1306 1812 argu-

286 1843 364 1893 menti
383 1849 444 1910 apte
463 1849 489 1896 et
508 1843 615 1912 pulchre
634 1842 775 1897 cohaerere
793 1846 880 1897 omnia
900 1851 926 1897 el
942 1861 1003 1897 uere
1019 1841 1146 1913 poeticam
1161 1861 1218 1896 esse
1234 1861 1306 1896 coru-

284 1944 438 2012 positionem
458 1946 567 2011 elegiae,
604 1947 749 1999 Servire
775 1949 848 1999 vult
871 1946 959 2014 apud
985 1945 1168 1998 dominans:
1197 1944 1245 1997 boc
1265 1951 1306 1997 est

284 2040 371 2094 thema
396 2045 529 2110 carminis,
558 2047 716 2097 euuutintum
735 2047 821 2097 statim
849 2046 874 2097 in
900 2045 1046 2097 exordio
1072 2053 1099 2096 et
1119 2047 1254 2112 repetitum
1277 2044 1303 2094 iu

285 2144 399 2207 exitu3
427 2158 487 2194 nam
513 2144 581 2196 iuter
604 2144 700 2195 formas
723 2159 815 2195 suaves
834 2145 974 2207 elegiarum
994 2144 1070 2195 aium
1090 2142 1153 2195 baec
1176 2150 1229 2205 est,
1258 2143 1301 2194 ribi

283 2256 383 2292 summa
400 2243 543 2308 sententia,
563 2245 647 2311 posita
668 2245 692 2294 in
711 2244 833 2307 exordio,
854 2243 920 2294 redit
938 2244 965 2294 is
983 2245 1040 2294 bue.
1077 2243 1106 2294 lu
1125 2242 1233 2294 medio
1253 2259 1302 2294 au·

282 2346 336 2394 tem
355 2343 503 2395 carmine
528 2341 645 2394 videmus
667 2350 724 2391 tres
744 2348 840 2407 portes
863 2357 960 2395 rarum.
997 2340 1118 2391 Primum
1137 2339 1224 2393 laudat
1244 2356 1302 2406 my-

283 2439 368 2495 tbicae
393 2445 486 2495 aetatis
510 2458 623 2507 morem,
650 2458 708 2494 curu
732 2458 806 2494 amor
834 2446 929 2509 primus
954 2443 1051 2509 ubique
1075 2448 1192 2506 teneret,
1223 2449 1302 2506 atque

282 2545 361 2596 etiam
380 2544 415 2596 dii
435 2544 544 2598 honores
562 2553 590 2597 et
607 2545 699 2598 domos
719 2559 779 2597 suas
799 2508 980 2610 'relinquerent
1005 2549 1032 2595 et
1056 2545 1088 2594 ad
1108 2544 1220 2596 intimam
1238 2559 1302 2595 cou-

283 2645 405 2699 ditiouem
424 2647 611 2700 descenderent
631 2653 738 2716 proptor
756 2662 879 2699 amorem.
928 2650 995 2697 Tum
1013 2649 1122 2716 opponit
1140 2652 1167 2699 et
1186 2648 1302 2712 exagitat

281 2761 404 2811 praesens
422 2749 554 2800 saeculum
574 2754 602 2800 et
620 2745 769 2799 hodiernam
789 2746 915 2798 luxuriam
934 2754 961 2798 et
979 2747 1127 2812 auaritiam,
1154 2747 1198 2799 ubi
1217 2747 1300 2815 pretio

280 2845 399 2897 venditur
421 2861 497 2899 amor
522 2853 549 2898 et
571 2846 595 2897 ia
621 2846 732 2912 puellum
758 2844 835 2896 lrabet
859 2846 902 2911 qui
927 2846 1037 2897 maxima
1063 2846 1131 2898 doun
1150 2845 1209 2897 lert.
1245 2847 1300 2894 Po-

280 2954 379 2997 stremo
403 2945 436 2997 ad
463 2946 563 3015 priscae
586 2943 758 3011 simplicitatis
782 2943 885 2996 laudem
909 2943 977 2996 redit
1000 2944 1032 2994 ab
1051 2944 1101 2996 alia
1121 2952 1206 2997 tamen
1226 2951 1300 3012 parte

280 3063 349 3100 nunc
373 3052 508 3099 tractatam
535 3050 562 3097 ct
587 3046 682 3097 umoris
707 3045 816 3097 liberum
843 3061 916 3097 usum
942 3045 1075 3113 praedicat
1099 3047 1124 3097 iu
1149 3049 1220 3097 tenui
1245 3052 1299 3095 turn

279 3150 350 3199 rictu
367 3148 498 3213 cultuque.
536 3143 664 3196 Nimirum
688 3158 778 3195 amoro
802 3141 863 3194 nibil
888 3150 930 3195 est
954 3145 1037 3196 maius
1061 3151 1140 3211 atque
1164 3148 1299 3211 praestan-

279 3245 348 3307 tius3
375 3243 434 3298 huic
458 3244 585 3309 bonores,
613 3242 732 3305 divitiae,
760 3243 839 3307 gulae
864 3243 1025 3310 voluptates,
1053 3244 1103 3295 alia
1123 3244 1210 3295 omnia
1228 3248 1301 3311 post-

279 3337 412 3410 habenda,
431 3360 479 3412 pru
498 3343 547 3397 boc
566 3341 712 3404 molestiae,
737 3340 840 3392 labores
858 3356 948 3393 omues
966 3343 1108 3395 tolerandis
1137 3344 1174 3395 ita
1193 3359 1234 3396 res
1252 3343 1300 3396 luit

279 3441 306 3492 iu
323 3442 451 3506 mytlricae
469 3446 562 3498 aetatis
580 3444 753 3512 simplicitate,
767 3450 846 3508 atque
864 3444 900 3495 ita
918 3444 996 3497 etiam
1014 3459 1083 3496 nuuc
1101 3444 1219 3497 Tibullus
1235 3458 1296 3496 seu-

279 3541 320 3593 tlt.
357 3542 423 3595 Cum
449 3545 529 3610 igitur
552 3546 649 3598 servire
674 3545 736 3597 velit
760 3545 830 3610 apud
856 3545 1001 3610 dominam,
1026 3546 1052 3597 iu
1077 3545 1162 3597 medio
1186 3543 1298 3595 carmine

278 3643 391 3695 illustrat
418 3649 445 3693 et
474 3651 583 3697 exornat
609 3645 674 3698 bauo
700 3648 782 3714 ipsam
812 3647 895 3699 ideam
923 3649 1018 3700 amoris
1046 3660 1093 3714 pro
1121 3660 1220 3696 summo
1246 3644 1298 3695 tine

277 3742 365 3795 omnia
391 3743 540 3809 tolerantis,
569 3761 619 3811 qua
645 3745 739 3797 ductus
763 3751 790 3797 et
814 3745 870 3813 ipse
890 3754 995 3813 paratus
1014 3753 1054 3796 est
1072 3745 1184 3797 tolerare
1202 3743 1300 3805 omnia,

278 3857 328 3895 nec
350 3849 438 3911 polest
457 3846 565 3913 reperiri
585 3847 677 3897 melior
694 3848 779 3898 unitas
797 3861 891 3899 rernm.
935 3846 1019 3898 Simul
1046 3862 1139 3913 magna
1165 3849 1208 3897 est
1233 3860 1299 3896 cou-

277 3943 386 3997 einnitas
404 3955 558 3999 structurae.
596 3947 632 3997 Ut
651 3947 719 3998 euim
739 3948 825 3999 exitus
843 3946 876 3998 ad
896 3946 1031 3999 exordium
1050 3946 1126 4010 redit,
1145 3947 1183 3999 sic
1200 3945 1225 3996 iu
1242 3960 1301 3995 me·

278 4045 322 4097 dio
340 4050 454 4101 carmine
474 4051 549 4101 tertia
576 4064 636 4116 pars
660 4048 693 4099 ad
714 4048 836 4115 primam
861 4043 925 4098 baec
943 4048 1082 4113 igiturest
1103 4046 1186 4099 forma
1205 4046 1301 4098 carmi·

278 4144 318 4196 nia
337 4148 479 4212 exquisita:
499 4152 521 4201 Α
537 4150 558 4199 tt
577 4149 599 4199 C
615 4148 637 4199 B
652 4150 684 4214 Α,
703 4148 734 4200 de
754 4163 803 4213 quta
824 4149 902 4201 etiam
921 4149 945 4201 in
965 4146 1153 4201 Dissertuliuue
1170 4146 1204 4199 de
1222 4146 1302 4199 Pocsi
