3009 4725
330 427 384 498 20
645 420 829 496 TlBULLl
863 425 947 500 LlB.
969 427 993 496 1.
1012 442 1037 498 5.

328 617 335 636 ⁸
373 609 557 686 Evenient:
591 609 651 685 dat
676 610 776 710 signa
803 610 906 686 deus:
940 633 1020 689 sunt
1045 617 1188 694 numina
1216 624 1354 713 amanti,

422 739 535 814 Saevit
560 757 594 814 et
615 740 742 815 iniusta
765 740 839 841 lege
866 742 980 820 relicta
1005 749 1132 822 Venus.

370 869 416 941 At
442 886 479 941 tu
504 897 607 970 quam
633 870 783 970 primum
810 899 913 971 sagae
939 893 1120 978 praecepta
1145 853 1279 978 rapacis
1380 961 1385 968 p

328 1015 365 1069 eo
425 998 570 1073 Desere:
606 1027 687 1074 nam
712 999 813 1074 donis
839 1001 985 1077 vincitur
1011 1006 1124 1079 omnis
1152 1035 1256 1081 amor.

372 1125 509 1227 Pauper
534 1129 597 1202 erit
621 1147 759 1229 praesto
782 1157 917 1232 semper
943 1133 1024 1224 tibi,
1057 1163 1190 1237 pauper
1214 1135 1321 1209 adibit

417 1256 555 1331 Primus
581 1258 674 1331 etin
700 1277 818 1333 tenero
844 1260 931 1335 fixus
959 1264 1021 1337 erit
1046 1263 1169 1353 latere,

364 1385 502 1487 Pauper
527 1388 564 1460 in
590 1405 736 1487 augusto
763 1386 855 1464 fidus
877 1420 990 1466 comes
1014 1395 1148 1491 agmine
1173 1391 1293 1465 turbae

412 1516 644 1618 Subiicietque
669 1545 791 1592 manus
819 1520 1011 1622 efficietque
1037 1520 1143 1610 viam,

324 1643 504 1746 etPauper
530 1646 574 1720 ad
600 1645 750 1722 occultos
777 1648 893 1723 furtim
920 1647 1066 1724 deducet
1090 1650 1217 1726 amicos

419 1775 607 1878 Vinclaque
633 1777 676 1852 dc
698 1778 798 1853 niveo
820 1778 976 1854 detrahet
998 1779 1073 1881 ipse
1096 1780 1194 1882 pede.

361 1905 438 1978 Heu
463 1906 616 1980 canimus
643 1907 791 1997 frustra,
823 1935 886 1982 nec
909 1910 1022 1984 verbis
1044 1911 1131 1986 victa
1157 1911 1298 2011 patescit

415 2039 541 2127 lanua,
578 2038 639 2112 sed
666 2038 768 2140 plena
791 2057 842 2115 est
866 2042 1086 2142 percutienda
1113 2070 1225 2113 mauu.

359 2163 407 2240 At
431 2182 484 2254 tu,
520 2167 578 2269 qui
604 2168 719 2269 potior
740 2197 834 2242 nunc
859 2197 914 2256 es,
948 2196 1021 2241 mea
1043 2167 1111 2240 sata
1137 2168 1270 2239 timeto:

320 2314 357 2369 70
414 2298 578 2371 Versatur
603 2295 703 2371 celeri
729 2296 816 2369 Fors
842 2294 923 2368 levis
948 2295 1032 2370 orbe
1057 2310 1159 2369 rotae.

356 2426 434 2499 Nou
458 2428 582 2501 srustra
606 2425 746 2525 quidam
774 2423 842 2497 iam
866 2452 960 2499 nuuc
987 2425 1022 2499 in
1048 2424 1165 2499 limine
1188 2443 1317 2527 perstat

407 2554 554 2629 Sedulus
580 2581 619 2628 ac
645 2552 766 2628 crebro
789 2553 956 2656 prospicit
981 2582 1021 2628 ac
1046 2554 1190 2655 refugit,

324 2656 331 2675 ⁸
362 2684 407 2757 Et
430 2681 567 2758 simulat
588 2684 733 2758 transire
760 2682 919 2771 domum,
943 2712 1022 2758 mox
1048 2682 1174 2758 deinde
1194 2683 1337 2759 recurrit

406 2810 509 2886 Solus
535 2832 568 2886 et
591 2831 668 2887 ante
694 2814 788 2915 ipsas
812 2830 944 2887 excreat
966 2841 1075 2914 usque
1099 2813 1200 2887 sores.

317 2941 485 3018 75Neuei0
510 2941 595 3043 quid
620 2942 765 3015 furtivus
792 2969 889 3015 amor
915 2959 1022 3041 parat.
1049 2959 1142 3015 utere
1164 2967 1311 3042 quaeso,

409 3072 501 3148 Dum
527 3070 620 3146 licet:
657 3071 692 3143 in
719 3068 850 3171 liquida
877 3088 936 3145 nat
961 3071 1023 3149 tibi
1049 3071 1151 3146 linter
1176 3098 1273 3172 aqua.

370 3373 473 3441 .V·⁶¹·
498 3372 704 3427 {aamercort
723 3373 834 3444 Pauper
849 3371 901 3426 eric
916 3370 1095 3443 praeteribi
1114 3378 1224 3441 praesto
1240 3382 1336 3423 acau-

314 3469 376 3524 tum
394 3471 482 3525 libror.
518 3470 579 3525 Hoc
598 3471 688 3525 laudat
704 3472 892 3538 cornuum,
916 3488 1016 3525 comme
1037 3472 1060 3522 ir
1079 3482 1177 3538 poetae
1195 3474 1254 3536 poet
1275 3462 1333 3516 tibi·
1387 3524 1390 3527 .

313 3568 369 3622 Sed
385 3569 522 3638 Pauper
542 3571 609 3624 erit
631 3575 775 3639 praesto
798 3584 932 3637 aempar
955 3567 1020 3619 ttht
1044 3572 1085 3619 eat
1101 3563 1248 3617 emendatio
1264 3562 1334 3630 optt-

313 3682 357 3720 me
381 3666 446 3730 toci,
478 3683 545 3733 quae
569 3669 594 3720 iu
619 3668 734 3720 Mutum
760 3667 874 3721 editione
900 3666 1021 3727 iubetur,
1053 3668 1159 3731 recepta
1186 3677 1202 3714 a
1226 3661 1334 3726 Veneto,

313 3764 554 3830 Wuuuuucrcmm
579 3764 693 3819 Becuro.
715 3793 747 3807 -
794 3765 879 3821 VM.
905 3761 1069 3829 patescit.
1114 3761 1201 3827 Vulgo
1220 3758 1335 3831 satiarit

314 3882 348 3919 er
372 3864 481 3920 duobus.
