3009 4725
318 468 408 508 onxtv
719 437 777 498 DE
801 435 920 504 POEst

317 613 371 695 qui
396 612 484 675 locus
511 610 657 673 notabilis
683 619 815 691 propter
839 607 1081 672 concinnitatem
1105 629 1188 671 nnnc
1209 610 1336 694 quidem

318 729 421 789 minus
443 741 537 808 quant
565 726 646 788 solet
669 725 867 789 ousaeaum
893 745 911 786 a
936 737 1048 807 poeta,
1077 714 1150 788 nain
1167 717 1275 788 'doceo
1303 729 1335 788 in

316 839 550 903 Commentario
578 838 621 900 sie
644 836 805 918 iungenda
833 838 972 918 singula:
1001 843 1067 902 non
1091 840 1170 901 asiel
1197 860 1262 902 non
1288 841 1360 941 irat

315 954 389 1031 fuit,
411 967 477 1015 nott
495 947 579 1014 bella
601 965 658 1013 n'ee
679 951 773 1013 ensis.
815 951 900 1013 Haec
922 952 1081 1015 hactenus.
1124 939 1223 1014 Vides
1240 973 1334 1035 quam

315 1067 448 1149 simplex
479 1066 520 1127 sit
549 1066 696 1128 Tibullus
727 1064 761 1124 in
794 1065 966 1128 variatione
996 1075 1028 1128 et
1058 1085 1123 1151 quo
1152 1065 1268 1130 ittdielo
1298 1088 1335 1128 ea

315 1194 432 1244 utatur.
480 1181 586 1242 Placet
606 1199 683 1241 vero
708 1178 859 1257 variatio,
888 1192 925 1242 ut
945 1178 1028 1256 dixi,
1059 1183 1134 1265 quia
1155 1181 1245 1262 uigor
1264 1203 1335 1245 ora-

315 1294 410 1357 tionis
435 1295 468 1355 in
495 1303 662 1374 progressu
684 1283 787 1352 -etiant
815 1291 859 1352 tie
885 1292 981 1355 alitur
1010 1295 1149 1376 egregie,
1179 1295 1333 1379 siquidem

315 1431 399 1471 nunc
416 1407 484 1470 hoc·
495 1411 580 1468 unae
597 1405 651 1467 illo
667 1397 770 1470 medo'
781 1417 869 1468 mrat
890 1407 984 1470 scitus
999 1422 1108 1490 poeta,
1130 1422 1167 1471 ut
1185 1408 1334 1493 quodque

314 1523 492 1585 memorum
524 1519 588 1582 vim
620 1515 767 1581 idonealn
793 1519 910 1581 lrabeat
943 1540 1000 1581 nec
1028 1523 1173 1601 langueat
1201 1543 1334 1606 usquam

316 1634 496 1698 continuata
513 1632 625 1694 oratio.
665 1630 702 1691 In
720 1651 817 1713 quam
832 1653 900 1694 rem
917 1635 1110 1695 nuncetiam
1128 1635 1189 1697 alia
1206 1637 1335 1714 notabo,

314 1747 430 1831 quibus
452 1757 584 1807 utuntur
608 1741 841 1824 adaugendam
864 1743 927 1807 tim
952 1747 1151 1827 pentametri.
1193 1748 1336 1810 Primum

314 1862 371 1923 ubi
391 1855 548 1941 praecedit
568 1859 601 1919 in
623 1860 806 1920 hexametro
829 1859 975 1936 causalis,
997 1857 1232 1939 conditionalia,
1254 1863 1335 1925 rela-

217 2053 231 2068 ·
313 1974 378 2039 tiva
406 1972 577 2048 sententia,
618 1963 737 2032 illatum
768 1971 802 2032 in
832 1971 989 2054 epodosin
1015 1995 1191 2055 pronomen
1219 1980 1260 2049 is,
1291 1978 1336 2036 elle

313 2088 465 2170 egregiam
487 2087 549 2147 vim
571 2085 680 2160 habet,
702 2085 800 2148 veluti
820 2086 852 2146 in
874 2088 961 2167 gravi
982 2086 1204 2165 affirmatione,
1225 2087 1332 2148 horta·

313 2203 415 2279 tione,
445 2199 590 2282 querela,
619 2198 851 2276 eltsecratione,
880 2209 917 2260 ut
937 2198 969 2276 l,
989 2203 1020 2276 2,
1045 2203 1105 2260 ³9:

399 2329 504 2414 Siquis
526 2339 557 2392 et
577 2325 761 2411 imprudens
782 2321 976 2409 adspexerit,
1002 2326 1121 2390 occulat
1141 2324 1193 2387 ille

439 2446 563 2528 Perque
584 2441 660 2507 deos
683 2460 791 2506 omnes
813 2458 846 2502 se
867 2439 1043 2503 meminisse
1067 2453 1168 2531 neget.

311 2577 344 2654 l,
366 2578 404 2650 4,
424 2580 483 2639 68:

254 2696 260 2707 '
399 2690 441 2752 At
462 2689 603 2771 quinon
626 2684 714 2749 audit
732 2684 859 2762 Musas,
889 2684 944 2768 qni
964 2680 1073 2746 vendit
1095 2705 1247 2763 amorem,

439 2797 552 2863 Idaeae
574 2818 684 2863 currus
706 2798 760 2861 ille
784 2811 933 2880 sequatur
954 2792 1051 2878 Opis,

313 2932 371 2993 ubi
399 2932 483 2994 coni.
508 2930 661 3013 Explicat.
688 2940 718 2989 et
747 2924 829 2988 dicta
859 2923 899 2986 ad
926 2924 973 3003 lt,
1002 2933 1040 3006 3,
1057 2934 1120 3001 26.
1166 2930 1269 3015 Atque
1298 2931 1331 2992 in

313 3045 401 3109 finali
428 3046 597 3120 sententia,
632 3044 688 3104 ubi
718 3040 893 3129 ‘subiectum
919 3041 1085 3125 utriusque
1109 3064 1219 3109 versus
1241 3040 1334 3119 idem,

313 3159 429 3243 passim
455 3146 490 3220 in
518 3168 714 3241 pentametro
743 3152 871 3217 demum
899 3153 1174 3241 ponitu,r⁴nomen
1198 3178 1268 3219 cunt
1291 3159 1334 3220 vi.

312 3276 346 3357 l,
369 3277 403 3350 1,
426 3277 465 3334 17
478 3294 493 3334 ι.

400 3370 605 3467 Pomosisque
627 3383 725 3444 ruber
747 3394 849 3444 custos
872 3394 1010 3464 ponatur
1029 3383 1200 3463 inhortis,
1243 3462 1247 3479 Ι

440 3500 571 3561 Terreat
595 3509 630 3558 ut
653 3516 745 3560 saeva
771 3495 850 3557 falce
869 3498 997 3580 Priapus
1017 3474 1105 3575 aues,

313 3644 369 3695 aut
390 3646 454 3714 pro
481 3648 519 3691 eo
545 3627 680 3693 infertur
704 3645 901 3711 pronomen,
932 3628 1029 3695 veluti
1048 3624 1233 3708 Propertius
1260 3627 1334 3689 facit

312 3744 488 3823 1,9,24:

396 3873 510 3938 Nullus
531 3871 631 3934 Amor
653 3868 800 3952 cuiquam
822 3868 928 3931 faciles
949 3868 993 3930 ita
1013 3869 1162 3951 praebuit
1181 3872 1262 3947 alae,

438 3986 482 4051 Ut
504 4006 568 4049 non
592 3984 713 4047 marna
733 3979 883 4063 presserit
902 3972 1073 4045 slle'manu.
1130 4018 1135 4027 ·

313 4115 377 4176 Aut
397 4114 583 4179 adieotivum
597 4112 745 4191 additur,
774 4126 810 4177 ut
830 4115 903 4178 Tib.
922 4114 969 4189 ll,
995 4118 1029 4191 1,
1053 4118 1115 4174 50:
