3009 4725
585 431 773 497 'lellLLL
1133 458 1180 496 out

154 610 218 673 vina
248 605 404 672 orationis
435 607 527 669 nimis
557 603 610 668 diu
636 607 818 669 continuata
845 607 1054 689 apostrophe,
1085 628 1182 689 quare

155 744 194 783 ne
214 723 393 784 ternarium
414 719 543 803 quidem
564 739 731 782 numerum
751 741 845 801 saepe
865 721 981 802 posuit.
997 755 1041 766 —
1064 720 1182 782 Venia·

153 856 222 897 mus
243 856 328 896 stunc
344 832 384 896 ad
406 837 571 916 repetitionis
589 835 751 910 schemata,
778 854 915 916 quorum
936 855 1010 896 usus
1028 834 1183 915 plurimus

153 946 188 1006 in
208 966 304 1026 prosa
329 945 473 1007 oratione
500 958 530 1006 et
553 944 660 1026 poesi,
693 943 777 1007 uude
805 945 867 1006 iam
890 949 1035 1012 rhetores
1060 958 1182 1008 veteres

155 1078 250 1138 saepe
272 1056 311 1118 de
331 1057 370 1118 iis
392 1069 552 1120 notarunt.
594 1059 681 1120 Talis
699 1078 778 1121 vero
799 1072 845 1121 eat
866 1059 1004 1140 primum
1021 1061 1181 1141 sinopitem,

157 1171 190 1230 h.
203 1188 231 1229 e.
252 1170 397 1250 repetitio
418 1172 502 1232 vocis
522 1171 738 1249 gravisshnae,
760 1172 948 1253 particulae,
973 1173 1179 1254 pronominis,

156 1280 317 1357 adiectivi,
339 1283 540 1360 substantivi,
559 1284 651 1344 verbi
664 1281 698 1344 in
712 1283 809 1347 initiis
825 1285 1050 1346 sententiarum
1056 1330 1065 1363 ,
1084 1303 1182 1347 mem-

156 1396 288 1456 brorum
325 1415 360 1456 ee
395 1395 640 1478 excipientium,
698 1416 791 1459 sensu
830 1419 906 1460 vero
947 1397 1181 1461 cohaerentium

154 1508 271 1588 (potest
290 1519 395 1570 tamen
412 1529 480 1572 vox
496 1508 670 1591 repetenda
690 1511 782 1571 etiam
801 1523 874 1590 post
892 1511 1014 1572 initium
1034 1509 1182 1575 collocari

154 1619 315 1683 interdum
342 1625 523 1704 praemissis
552 1624 620 1685 aliis
647 1625 753 1686 verbis
781 1620 968 1705 nonnullis).
1017 1624 1180 1686 Hebetes

155 1735 363 1811 alacritatem,
389 1737 548 1816 vigorem,
578 1739 732 1812 calorem,
758 1748 788 1798 et
814 1737 848 1797 iu
870 1738 957 1798 omni
978 1737 1085 1800 vivida
1108 1758 1179 1799 ora-

157 1846 246 1907 tione
268 1847 354 1907 ultro
376 1866 408 1908 ee
431 1850 540 1924 offert,
568 1851 634 1911 sive
657 1848 786 1911 affectus
816 1848 896 1912 adsit
919 1849 1048 1931 proprie
1071 1848 1181 1927 dictus

159 1957 227 2021 sive
249 1959 311 2020 alia
336 1979 430 2022 causa
454 1960 602 2040 alacrius,
632 1962 745 2026 lortius
768 1960 892 2024 dicendi
915 1981 1013 2042 genus
1036 1965 1182 2042 postulat,

156 2073 257 2137 veluti
281 2072 377 2134 Hom.
398 2069 511 2156 Odyss.
526 2074 586 2152 tlt,
607 2078 670 2137 tao
693 2095 763 2158 sqq.
785 2076 819 2135 in
843 2075 1040 2136 sanationes

192 2183 267 2263 “aza
286 2177 406 2274 ἔφαθ’·
430 2191 463 2254 οἱ
484 2179 517 2254 δ’
539 2183 604 2276 ἄρα
627 2186 756 2265 πάντες
777 2186 981 2260 ἐποίπνυον
1007 2176 1095 2273 ἦλθε
1114 2189 1182 2271 μὲν

387 2293 432 2385 cip
458 2300 545 2388 βοῦς

200 2418 235 2481 ἐκ
260 2411 396 2492 πεδίου,
423 2403 535 2496 ἦλθον
562 2412 597 2481 δὲ
623 2414 712 2501 θοῆς
738 2412 831 2503 πυροὶ
858 2411 941 2502 apic
965 2420 1054 2503 ἐΐσης

210 2518 406 2616 Τηλεμάχου
423 2533 535 2613 ἔταροι
550 2522 790 2614 μεγαλήτορος·
806 2521 895 2613 ἦλθε
909 2526 946 2596 dl
959 2520 1099 2618 χαλκεύς
1110 2552 1180 2614 sqq.

163 2637 221 2699 ubi
237 2638 434 2701 manifestum
451 2652 498 2702 est
515 2653 683 2723 postquam
703 2640 836 2703 dictum:
859 2644 892 2706 ol
912 2630 945 2706 δ’
967 2637 1032 2728 ἄρα
1054 2639 1182 2715 πάντες

161 2748 370 2830 ἐποίπνυον,
399 2755 532 2836 repetito
561 2755 660 2815 verbo
689 2746 802 2838 ἦλθον
827 2754 909 2814 hanc
934 2756 1123 2816 alacritatem
1149 2757 1181 2814 iu

160 2861 305 2946 parando
335 2849 483 2927 sacrificio
515 2864 659 2948 depingi,
703 2877 817 2928 natura
845 2876 954 2945 suapte
986 2867 1020 2926 vi
1050 2863 1181 2927 ducente

160 2991 302 3059 poetam,
332 2990 368 3039 ut
386 2981 430 3041 ita
455 2994 599 3062 poneret
649 2982 708 3049 Sed
733 3001 754 3041 ο
780 2981 854 3042 nullo
879 2981 992 3061 saepius
1017 2989 1184 3060 usurpatum

161 3094 213 3154 Ιιοο
235 3094 350 3154 saliano
377 3114 466 3176 quam
492 3114 514 3155 a
540 3094 662 3171 libello,
693 3094 781 3157 cuius
811 3093 858 3155 rei
883 3110 976 3153 causa
1002 3090 1075 3153 satis
1102 3091 1185 3152 clara

160 3220 232 3289 post
263 3229 319 3285 ea,
360 3227 441 3290 quas
473 3204 512 3269 de
545 3208 653 3289 vigore
685 3227 819 3290 poeseos
848 3205 1047 3270 Tibullianae
1081 3219 1112 3268 et
1144 3204 1182 3267 de

160 3321 266 3382 forma
289 3319 441 3382 orationis
467 3321 501 3383 in
526 3320 576 3382 his
598 3320 734 3384 distichis
761 3322 961 3403 praevalente
987 3341 1083 3402 supra
1104 3319 1185 3385 dicta

161 3444 248 3495 sunt.
295 3430 377 3494 Nam
403 3434 543 3514 primum
571 3432 698 3518 quidem
726 3445 837 3514 regnet
861 3434 1023 3516 anaphora
1051 3444 1082 3495 et
1110 3442 1184 3514 pro·-

160 3546 264 3630 priam
288 3542 393 3608 sedem
414 3548 510 3610 habet
537 3548 570 3610 in
598 3548 665 3611 istis
687 3547 876 3623 itineratus,
908 3568 986 3633 quas
1008 3568 1104 3631 supra
1128 3567 1185 3608 ex·

160 3659 279 3745 plicui:

246 3772 302 3834 ttta
322 3772 408 3835 favet
432 3792 486 3834 seu
510 3772 581 3856 quis
603 3771 725 3836 iuvenis
750 3792 833 3836 nova
854 3771 964 3834 limina
986 3782 1100 3845 tentat,

288 3882 352 3947 Seu
373 3899 494 3948 reserat
515 3887 580 3950 fixo
603 3885 695 3950 deute
717 3888 825 3968 puella
846 3885 949 3946 fores:

248 3998 305 4059 ttta
326 3994 418 4061 docet
442 3998 552 4063 lentim
574 4000 663 4062 molli
684 3997 836 4083 decedere
856 3999 955 4069 lecto,

291 4111 346 4174 llio
368 4109 482 4195 pedem
506 4115 595 4176 nullo
617 4133 737 4196 ponere
759 4131 852 4194 posse
873 4128 970 4181 sono,
