3009 4725
421 391 607 468 TlBULLl
621 471 626 478 ,
641 391 725 464 LIB.
745 395 802 466 lv.
828 409 869 467 u
891 409 934 466 13.
1138 402 1187 474 95

189 583 227 658 si
254 581 439 683 quiequam
466 597 537 656 tota
563 576 715 654 commisi
742 577 843 651 stulta
869 578 1025 675 iuventa,

250 713 354 785 Cuius
382 739 439 786 nie
464 711 574 784 fatear
597 707 806 809 paenituisse
827 709 956 808 magis,

178 843 371 917 5Hesterua
398 868 502 942 quam
530 857 561 911 le
587 836 698 910 solum
725 838 820 937 quod
846 858 945 914 nocte
970 841 1111 946 reliqui,

254 973 422 1045 Auderem
448 969 589 1070 cupiens
614 965 829 1041 dissimulare
855 997 977 1045 meum.

339 1277 345 1286 ·
462 1247 744 1324 CARMEN
792 1249 880 1313 XIII.

193 1359 320 1494 Nulla
346 1437 441 1494 tuum
469 1417 572 1492 nobis
598 1416 768 1491 subducet
788 1417 914 1492 femina
939 1416 1078 1494 Ieclum:

245 1553 319 1626 Hoc
344 1550 496 1651 primum
523 1549 640 1621 iuncta
666 1565 717 1620 est
739 1546 876 1621 foedere
900 1568 1017 1625 nostra
1040 1556 1167 1626 Venus.

197 1681 251 1752 Tu
278 1676 361 1751 mihi
388 1678 460 1751 sola
482 1676 609 1779 places,
634 1705 698 1750 nee
724 1676 791 1750 iam
818 1696 850 1751 te
873 1698 1007 1778 praeter
1030 1681 1067 1755 iu
1092 1683 1178 1757 urbe

248 1812 414 1886 Formosa
442 1826 490 1881 est
516 1807 624 1882 oeulis
650 1806 720 1880 ulla
744 1807 859 1908 puella
883 1811 975 1883 meis.

174 1936 312 2039 5Atque
339 1936 468 2010 utinam
494 1938 605 2037 possis
631 1936 692 2009 uni
716 1936 801 2009 mihi
827 1935 916 2009 bella
939 1937 1064 2027 deleri,

136 2165 142 2178 ὓ
245 2065 436 2169 Displiceas
464 2065 556 2140 aliis:
589 2066 638 2140 sic
666 2094 730 2164 ego
757 2083 850 2138 tulus
877 2093 945 2138 ero.

192 2196 247 2270 Nil
267 2225 354 2298 opus
381 2195 512 2270 invidia
539 2214 606 2284 est,
639 2194 761 2297 procul
786 2193 875 2269 absit
900 2195 1009 2295 gloria
1032 2195 1142 2296 vulgi:

243 2326 315 2425 Qui
340 2327 446 2428 sapit,
478 2325 514 2399 iu
540 2325 641 2399 tacito
668 2327 815 2425 gaudeat
838 2323 893 2401 ille
919 2326 1006 2401 sinu.

196 2456 252 2527 Sic
272 2485 335 2554 ego
360 2457 497 2531 seeretis
523 2485 664 2557 possum
691 2456 779 2530 bene
802 2457 912 2531 vivere
939 2457 1048 2546 silvis,

155 2602 192 2657 10
251 2584 329 2695 Qua
351 2584 446 2658 nulla
469 2586 620 2660 humano
644 2587 688 2660 sit
714 2587 768 2661 via
790 2586 866 2660 trita
892 2587 989 2686 pede.

189 2717 244 2793 Tu
273 2715 357 2788 mihi
378 2743 535 2791 curarum
559 2715 712 2818 requies,
743 2732 780 2787 lu
805 2731 905 2788 noete
931 2713 983 2786 vel
1006 2732 1078 2787 atra

240 2848 392 2936 Lumen,
425 2864 459 2920 et
483 2846 520 2920 in
544 2847 627 2921 solis
653 2864 690 2919 tu
712 2845 796 2920 mihi
822 2842 923 2919 turba
949 2841 1041 2915 locis.

191 2978 291 3051 Nunc
317 2975 395 3051 lieet
421 3003 441 3049 e
466 2975 558 3051 eaelo
583 2977 738 3051 mittatur
759 2975 866 3051 amice
892 2972 1048 3059 Tibullo,

240 3109 395 3181 Mittitur
419 3108 565 3197 frustra,
598 3106 798 3208 deficietque
822 3108 948 3178 Venus.

148 3239 284 3311 15Heec
311 3238 372 3311 tibi
398 3255 514 3313 sancta
544 3255 621 3312 que
646 3239 789 3313 quouis
815 3235 957 3309 numina
983 3234 1077 3323 iuro,
1133 3226 1139 3241 ⁹

243 3362 341 3463 Quae
365 3366 437 3441 eola
460 3385 538 3440 ante
566 3366 650 3447 alios
681 3386 731 3442 est
756 3364 837 3439 mihi
867 3394 991 3467 magua
1017 3363 1110 3437 deos.

218 3556 252 3610 V.
262 3560 288 3609 3.
307 3557 431 3624 Plerique
447 3556 539 3622 modo,
558 3558 602 3610 ulii
620 3556 712 3622 mihi,
735 3566 766 3613 ut
781 3561 933 3613 Putemus
952 3556 1080 3627 optlmue,
1098 3548 1169 3618 quod

146 3649 241 3700 lectum
259 3656 319 3702 aule
336 3651 521 3705 Scuuleuuun
538 3650 737 3709 incentionibus
759 3652 839 3720 probo
858 3667 916 3705 cum
934 3650 1000 3702 eliis.
1016 3677 1052 3688 -
1095 3644 1128 3697 V.
1140 3646 1167 3695 ⁶.

144 3739 233 3804 Vulgo
251 3744 364 3808 posuis
382 3744 483 3796 Incerto
499 3751 622 3805 uectore,
647 3744 716 3811 quod
734 3760 832 3797 verum.
869 3743 1061 3796 Liouuuuuus
1075 3753 1168 3805 posses

143 3833 283 3886 revocavit.
299 3862 336 3874 -
371 3835 404 3888 V.
417 3838 443 3889 9.
470 3834 558 3903 Vulgo
577 3836 676 3904 possim
700 3853 734 3890 ex
759 3852 811 3889 uno
833 3835 1009 3888 Bnouuuusu
1032 3831 1107 3882 libro.

214 3928 247 3980 V.
257 3934 300 3984 15.
325 3931 419 3987 Haeo
439 3932 583 3987 somena
603 3934 659 3988 inre
677 3934 763 4000 dedu,
789 3934 823 3987 de
842 3946 894 4001 quo
912 3931 971 3983 vide
990 3929 1168 3981 nmmum

141 4020 210 4076 eod.
227 4021 314 4078 Euon.
335 4027 400 4078 Nec.
436 4029 533 4081 Penu-
550 4042 611 4080 curu
629 4027 785 4095 Wiuuuu„
811 4028 946 4089 Diuum,
972 4020 1081 4076 Aine.
1101 4014 1169 4069 Hoo·

138 4114 259 4168 Puccius
282 4121 347 4170 Per.
