3009 4725
1244 404 1300 464 Τ
1302 403 1440 466 lBU
1448 403 1611 465 LLI.
2192 432 2440 475 Lxxxnr

381 586 473 648 bis
515 580 789 646 eandem
831 580 1100 641 formam
1142 587 1212 636 ut
1258 573 1453 638 vides.
1553 572 1681 636 Sed
1726 576 1911 639 etiam
1953 579 2170 642 tertius
2214 582 2430 647 similis

376 702 549 761 locus
594 708 808 760 exstat
863 694 934 756 in
983 694 1104 755 hoc
1146 693 1414 756 carmine
1467 712 1532 755 v.
1558 697 1639 754 83
1665 725 1752 738 -
1796 690 1873 754 ad
1907 695 2126 773 finem,
2168 700 2279 760 ubi
2322 697 2431 761 ad-

379 827 638 877 ventum
680 835 716 875 e
753 810 1042 893 Corcyra
1077 821 1396 890 speratum
1432 806 1746 871 describit.
1828 811 1919 873 Ac
1953 814 2228 895 primum
2266 815 2430 897 dicit,

389 930 458 991 in
503 950 630 1011 quo
672 941 837 989 statu
865 927 1157 988 invenire
1193 924 1405 1007 cupiat
1436 926 1748 1007 puellam:
1797 927 2008 991 sedeat
2043 930 2230 992 Delia
2270 946 2430 995 casta

397 1063 658 1124 vespere
709 1063 852 1103 ‘cum
892 1051 1090 1102 matre
1143 1039 1310 1099 inter
1365 1038 1641 1102 ancillas.
1723 1039 1891 1103 Tum
1932 1058 2305 1125 praeparata
2347 1047 2433 1109 sic

401 1160 699 1222 suavitate
756 1155 1088 1234 adventus,
1152 1154 1440 1238 sequitur
1490 1155 1594 1217 hic
1649 1156 1784 1236 ipse
1838 1170 1902 1219 et
1948 1158 2279 1222 laetissima
2334 1182 2433 1222 re-

397 1272 632 1352 ceptio,
697 1269 868 1354 quod
922 1270 1244 1349 fastigium
1303 1266 1750 1351 descriptionis.
1857 1272 1933 1333 In
1996 1295 2124 1356 quo
2184 1275 2431 1337 attende

392 1386 580 1445 etiam
622 1385 926 1447 orationis
969 1384 1342 1446 alacriorem
1380 1383 1683 1446 formam:
1738 1396 1870 1447 tum
1907 1389 2157 1450 veniam
2203 1389 2432 1468 subito,

389 1512 541 1564 tunc
594 1501 751 1562 mihi
809 1500 1064 1564 obviam
1127 1520 1334 1561 curre.
1446 1497 1559 1562 Est
1617 1521 1839 1581 magna
1900 1501 2301 1583 pulchritudo
2362 1506 2432 1568 in

397 1638 588 1695 parva
634 1614 1077 1697 descriptione.
1163 1616 1373 1698 Atque
1417 1616 1571 1677 haec
1616 1614 1694 1677 de
1737 1617 1856 1679 his.
1938 1617 2168 1681 Vidisti
2206 1621 2276 1681 in
2320 1641 2435 1681 an-

403 1728 823 1790 tecedentibus
881 1741 1319 1812 praeparatam
1379 1730 1636 1791 alteram
1694 1742 1938 1812 partem
2002 1730 2436 1816 descriptionis

407 1842 646 1921 priore.
727 1842 963 1904 Contra
986 1844 1056 1904 in
1076 1843 1359 1927 sequenti
1390 1845 1682 1926 exemplo
1714 1846 1794 1922 II,
1817 1846 1875 1924 4,
1894 1852 2132 1911 27-38.
2162 1847 2435 1912 secunda

404 1976 555 2037 pars
595 1954 720 2017 loci
756 1969 1023 2038 propter
1053 1958 1321 2037 priorem
1362 1954 1559 2019 adest.
1642 1957 1930 2021 Habetur
1964 1962 2057 2022 ibi
2090 1964 2435 2025 exsecratio

398 2070 731 2150 luxuriae,
810 2084 874 2133 et
930 2069 1180 2137 damnat
1238 2072 1497 2136 affectus
1557 2074 1763 2136 statim
1816 2072 2029 2152 initio,
2107 2088 2180 2136 ut
2235 2074 2435 2155 debet,

395 2190 534 2268 ipsa
594 2199 965 2249 ornamenta
1023 2188 1280 2251 vestitus
1341 2208 1746 2268 enumerans,
1830 2201 1967 2253 tum
2019 2191 2214 2253 malas
2277 2202 2440 2253 artes

399 2303 753 2384 puellarum
800 2314 863 2364 et
915 2322 1247 2365 aerumnas
1298 2302 1561 2364 amantis
1616 2302 2045 2386 persequitur,
2109 2305 2442 2369 absolvens

405 2420 860 2501 querimoniam
925 2416 1078 2480 dum
1135 2418 1444 2481 rationem
1505 2417 1713 2482 reddit
1768 2419 1920 2482 irae.
2041 2421 2245 2483 Etiam
2301 2423 2441 2485 talis

403 2534 563 2595 ratio
623 2535 814 2596 bona.
932 2530 1060 2594 Sed
1116 2533 1273 2593 haec
1333 2532 1521 2593 allata
1575 2535 1863 2615 exempla
1919 2547 1992 2596 ut
2046 2536 2293 2614 suavia,
2354 2537 2443 2598 ita

400 2651 706 2731 simplicia
767 2649 1012 2727 omnia3
1087 2649 1303 2729 paullo
1361 2631 1743 2708 luculentior
1808 2661 1899 2709 est
1957 2650 2017 2726 I,
2064 2658 2136 2727 2,
2182 2652 2440 2714 16-42.

400 2765 599 2825 trium
628 2763 1113 2845 descriptionum
1140 2765 1500 2827 coniunctio
1533 2763 1629 2824 his
1664 2745 1979 2823 interioris
2009 2765 2441 2827 cohaerentiae

399 2879 679 2943 vinculis
739 2900 937 2957 nexa,
1025 2899 1187 2961 quae
1250 2880 1582 2959 pulchram
1648 2874 1935 2958 peritiam
2001 2875 2149 2935 artis
2214 2876 2445 2957 prodit.

399 2997 630 3078 Agitur
669 2996 763 3058 ibi
803 2994 882 3057 de
922 2997 1119 3056 tutela
1157 2995 1460 3073 Veneris,
1518 2995 1587 3055 in
1629 3014 1757 3076 qua
1798 2991 1924 3053 sint
1965 3000 2277 3068 amantes,
2333 2990 2447 3051 tri-

394 3113 654 3193 pliciter
700 3111 827 3172 sic:
884 3109 1137 3188 Venus,
1197 3111 1315 3188 ait,
1378 3121 1540 3169 artes
1590 3106 1855 3169 furtivas
1908 3102 2123 3182 docet,
2181 3106 2453 3187 protegit

400 3238 660 3287 euntem
703 3236 899 3288 noctu
936 3225 1007 3285 in
1049 3225 1182 3299 via,
1237 3235 1300 3284 et
1338 3219 1691 3303 proditores
1736 3222 2029 3301 loquaces
2067 3219 2272 3300 punit.
2354 3221 2449 3281 Ita

401 3361 566 3403 vero
608 3341 805 3401 iuncti
856 3352 1007 3402 sunt
1047 3337 1118 3400 hi
1162 3340 1318 3414 loci,
1375 3333 1906 3421 quemadmodum
1953 3333 2449 3396 Commentarius

401 3455 625 3530 docet,
667 3468 735 3516 ut
765 3454 1009 3517 medius
1043 3467 1104 3515 et
1131 3456 1408 3535 primum
1443 3453 1768 3514 confirmet
1800 3448 2125 3531 proposito
2159 3452 2448 3530 exemplo

397 3570 606 3649 ipsius
652 3580 909 3648 poetae,
965 3580 1027 3630 et
1074 3569 1243 3629 tertii
1285 3567 1675 3628 hortationes
1717 3566 1782 3627 vi
1826 3587 1936 3625 sua
1988 3563 2265 3627 adim-vt.
2329 3587 2441 3643 qun

401 3681 866 3761 compositione
932 3681 1090 3743 nihil
1152 3679 1388 3743 firmius
1450 3691 1514 3740 et
1573 3678 1920 3740 nervosius.
2044 3679 2176 3735 suffia
2249 3691 2449 3735 taum-n

404 3796 705 3875 exempla
750 3815 882 3858 non
924 3793 1175 3858 adsunt.

541 3908 892 3992 Postquam
935 3909 1291 3990 singulatim
1333 3906 1643 3988 persecuti
1688 3926 1900 3968 sumus
1948 3908 2172 3964 Γῡνηιειε,
2225 3924 2457 3971 unimus.

408 4026 650 4104 quibus
695 4046 843 4089 usus
884 4028 1180 4089 Tibullus
1220 4028 1290 4087 in
1331 4024 1851 4105 descriptionibus
1896 4016 2305 4092 adurnaudis,
2361 4040 2457 4076 rv-

413 4145 536 4195 stat
586 4150 656 4197 ut
702 4141 1013 4202 nonnulla
1060 4141 1401 4219 generatim
1457 4134 1776 4199 addamus.
1892 4132 2048 4192 Sunt
2100 4148 2457 4212 arg-:nmmum

1754 4245 1787 4305 s
1823 4251 1863 4304 2
