3009 4725
318 369 378 426 soc
557 363 838 432 connmursn.
856 365 904 432 nu
923 341 1098 434 'nruurm

246 601 259 612 ..
317 537 369 590 rint
385 536 472 590 omnia
490 535 543 589 aiio
560 542 678 599 anctore
693 534 822 604 ¹adnuisse,
849 535 963 609 deniqne
986 538 1104 593 doiorum
1121 538 1218 593 frustm
1235 543 1334 593 tentate

316 638 434 693 remedio
454 653 560 693 narrans
581 645 611 693 et
636 639 787 694 dissolutum
803 641 906 707 vitam,
919 640 976 695 ’eui
1001 657 1030 694 se
1053 639 1155 693 dederit
1175 638 1334 706 aliquandiu

313 739 372 792 sine
390 753 530 804 mse,
547 739 627 792 etiam
644 752 713 791 nunc
730 739 848 792 oblivisci
865 754 964 793 senon
982 754 1059 807 posse
1076 737 1188 806 puelisrn
1207 737 1332 800 ostendit,

314 843 341 889 et
364 836 435 890 nuiis
458 837 483 889 vi
507 835 644 890 deiebsseur
670 852 729 890 esse
750 836 945 891 admirationem
969 837 1024 889 eins
1049 834 1255 904 pulchritudinis
1298 834 1330 887 ln

215 997 223 1010 ι
312 949 367 1010 pun
383 938 447 1003 epto
463 934 556 990 ordine
580 951 666 991 rerum
690 938 802 1006 primum
825 937 929 1005 quidem
953 935 1077 1003 temporis
1101 936 1229 989 ustionem
1252 930 1330 987 habet

263 1101 270 1112 ,
314 1041 344 1088 ut
360 1034 447 1102 vides,
474 1052 607 1106 exponens
623 1038 685 1106 quid
703 1038 809 1105 iecerit,
835 1036 896 1105 quid
914 1036 975 1089 inde
993 1035 1153 1105 speraverit,
1180 1033 1243 1102 quid
1261 1047 1329 1086 nuuc

310 1136 440 1202 pethtnr3
457 1136 506 1192 sed
522 1138 599 1190 simul
613 1138 665 1189 vim
681 1136 806 1204 eiegicsm
821 1133 1023 1203 descriptionum
1041 1132 1191 1188 observabis
1207 1146 1328 1186 mescen-

312 1241 366 1287 tens
382 1235 421 1287 sio
445 1233 574 1302 gradatim
596 1251 657 1289 cnm
681 1250 822 1304 progressu
839 1233 967 1289 carminis
1004 1234 1072 1286 Num
1091 1238 1150 1302 post
1167 1245 1329 1286 commemo-

318 1341 374 1387 reta
391 1332 571 1387 antecedentis
588 1333 674 1387 officis
692 1333 755 1401 qnid
773 1334 877 1401 gneius
895 1339 936 1386 est
954 1332 1129 1402 descriptione
1153 1332 1249 1385 trustra
1265 1346 1328 1399 spe-

311 1440 384 1489 rstne
408 1435 492 1489 felicis
515 1436 584 1489 uitae
606 1439 707 1489 summo
731 1436 787 1489 iure
812 1436 936 1501 meritae,
966 1441 994 1488 et
1018 1442 1077 1504 post
1094 1435 1229 1502 cognitam
1253 1432 1329 1486 huius

312 1533 443 1589 ieiieitstis
464 1532 596 1602 pulchrum
613 1535 750 1602 imaginem
775 1535 837 1589 uide
854 1540 976 1603 quantem
997 1533 1049 1588 vim
1069 1533 1163 1587 hebent
1185 1533 1258 1588 tertii
1277 1535 1330 1588 ieci

193 1683 201 1700 ,
312 1636 443 1703 oppositio
468 1634 502 1688 de
526 1634 658 1688 doloribus
681 1642 776 1706 poetae
794 1634 854 1689 hine
872 1637 985 1702 secutis,
1013 1636 1047 1688 de
1070 1635 1251 1705 desperatione
1274 1635 1330 1690 dis·

310 1736 412 1788 solutae
436 1733 522 1800 sitne,
547 1739 628 1802 utque
651 1749 685 1787 ne
709 1736 747 1787 itu
771 1733 876 1802 quidem
900 1733 983 1787 deleri
1001 1735 1117 1803 potuerit
1133 1748 1206 1787 amor
1223 1735 1327 1803 puellae

312 1843 440 1890 tantorum
464 1833 590 1888 maiorum
613 1835 736 1888 suctoris.
783 1834 903 1888 Diximus
925 1835 959 1889 de
983 1838 1067 1905 prims
1091 1843 1181 1906 parte,
1208 1851 1276 1904 quse
1298 1840 1328 1887 ut

309 1950 425 1989 umorem
448 1937 485 1988 itu
508 1936 637 1988 miseriem
663 1942 758 2003 postue
779 1939 934 2005 grauissime
956 1938 1073 2006 exponit
1116 1939 1235 1995 Quaeras
1259 1952 1327 1990 nune

309 2036 371 2110 quid
395 2037 478 2090 meins
500 2042 529 2088 et
553 2033 684 2089 efficacius
708 2036 804 2090 efferre
828 2035 943 2105 potuerit
959 2038 986 2089 iu
1003 2035 1101 2087 altera.
1137 2035 1277 2088 Enimvero
1299 2035 1325 2086 in

225 2167 230 2174 ·
290 2137 405 2200 ¹tutibus
430 2142 549 2204 tempora
574 2135 769 2191 considerando.
813 2138 932 2192 Vidimus
959 2142 1046 2190 autem
1075 2134 1155 2188 fuisse
1183 2141 1237 2186 tum
1266 2135 1326 2206 aiio,

310 2247 378 2303 quoe
403 2233 462 2304 pius
487 2235 603 2288 ruerem
628 2233 697 2302 spud
718 2235 834 2300 Delium,
862 2233 1066 2300 quandoquidem
1092 2234 1167 2286 ienae
1190 2230 1324 2286 cuiusdam

308 2336 435 2407 pessimae
462 2336 609 2407 praeceptis
635 2350 732 2406 perenn
759 2351 863 2391 munere
889 2333 976 2388 ffiritis
1000 2334 1123 2388 amatoris
1149 2331 1325 2402 praeferebat,

309 2449 359 2491 neu
376 2440 479 2502 poterat
494 2448 600 2505 speture
618 2441 697 2503 poete
706 2435 772 2489 sotis
789 2432 1005 2503 descriptionibus
1020 2432 1235 2486 antecedentibus
1252 2450 1325 2488 com·

310 2539 408 2589 motum
425 2534 458 2588 iri
477 2536 590 2604 puottsn
607 2534 676 2593 mule
691 2536 849 2602 corruptum,
866 2530 915 2585 nisi
932 2532 1012 2587 etism
1029 2531 1076 2584 hue
1094 2536 1216 2585 externus
1233 2546 1326 2587 caesus

308 2630 410 2691 discidii
434 2648 583 2701 remonte,
609 2641 639 2688 et
655 2649 724 2703 qune
740 2632 803 2691 iude
826 2633 877 2686 sisi
895 2633 1033 2687 obstabant
1050 2631 1248 2701 impedimenta,
1276 2635 1326 2687 im·

308 2748 425 2803 pugnare
446 2740 475 2787 et
498 2740 617 2789 evertere
637 2733 781 2791 studuisset
799 2732 861 2787 duta
878 2746 965 2802 opera.
1003 2730 1082 2789 Quod
1106 2732 1178 2787 iecit.
1214 2734 1252 2787 Ac
1266 2733 1326 2804 pri-

309 2852 380 2886 mum
402 2835 505 2901 quidem
531 2835 612 2903 ipmm
630 2834 714 2886 lenem
738 2833 890 2899 gravissimu
913 2833 1099 2901 imprecatione
1119 2834 1221 2900 obruit,
1243 2832 1325 2904 perd-

308 2935 367 2988 diuo
384 2940 534 2998 auctorem,
558 2940 588 2986 ut
610 2938 639 2985 et
662 2931 727 2987 haec
751 2932 806 2985 iuet
829 2932 934 2985 meritas
960 2944 1059 3000 poenm
1082 2936 1111 2984 et
1128 2932 1202 2985 Delia
1220 2933 1324 2998 sentiet,

308 3048 385 3101 quum
410 3034 543 3103 improiree
570 3034 671 3086 mulieri
697 3046 729 3087 ue
757 3032 902 3099 addixerit,
931 3033 1150 3101 consideransque
1176 3033 1324 3088 denuntiata

308 3136 382 3188 tense
406 3136 476 3189 meis
493 3135 571 3188 etiarn
595 3135 646 3191 sibi
664 3135 802 3190 imminere
826 3136 910 3189 dison
932 3134 1041 3191 Veneris
1058 3137 1145 3189 laesae
1162 3137 1234 3189 irem.
1276 3136 1326 3187 Se-

309 3234 395 3287 cundo
412 3233 469 3287 loco
487 3232 621 3288 commodo
641 3241 719 3302 pontu
736 3239 872 3300 recenset,
900 3249 969 3302 quae
994 3235 1115 3304 psuperis
1138 3233 1262 3286 smstorle
1279 3230 1324 3285 ta-

309 3334 370 3387 beet
394 3350 482 3401 umor,
508 3347 569 3391 cum
591 3332 665 3386 dives
689 3333 816 3402 pecuniae
841 3332 971 3400 coniidst,
1000 3332 1043 3386 iric
1070 3333 1103 3388 nd
1128 3332 1215 3386 eifleie
1239 3332 1334 3387 curma·

311 3442 415 3504 praesto
432 3438 468 3490 sit
482 3450 602 3506 semper,
620 3434 761 3491 edicerent
778 3437 867 3501 lateri,
889 3435 1028 3490 comitetur
1045 3435 1071 3487 in
1090 3435 1132 3487 vio
1148 3446 1197 3503 per
1212 3433 1324 3497 tamnu,

310 3534 423 3589 deducat
440 3535 474 3589 sd
492 3537 610 3590 conuiuis
627 3537 777 3589 amicorum.
814 3534 932 3588 Observa
950 3549 1017 3587 nuuc
1034 3532 1113 3587 etiam
1131 3531 1221 3587 inrum
1238 3542 1344 3585 rernm'

310 3629 441 3700 pulchrum
459 3633 594 3688 rationem.
629 3635 746 3689 Primum
765 3634 834 3687 enim
849 3639 910 3702 post
928 3630 1032 3686 dolores
1048 3632 1150 3687 decidii
1167 3620 1329 3687 memorutou'

309 3731 371 3800 qnid
389 3733 472 3800 nepte
489 3740 690 3787 consentaneum
715 3736 838 3802 proxime
855 3733 1002 3800 Insequenti
1025 3732 1204 3787 exsecratione
1228 3720 1331 3785 teoase'

308 3830 555 3886 Vehementissimus
578 3830 620 3886 hic
644 3835 717 3889 iesus
742 3840 797 3899 est,
825 3831 869 3889 ubi
893 3841 972 3902 poeta
995 3834 1049 3886 iras
1069 3835 1202 3900 grauiores
1228 3828 1343 3895 omues?-

306 3935 401 4001 ouibns
421 3936 513 4004 pienut
531 3939 588 3987 erut
609 3932 712 3986 suimus
735 3934 771 3986 oi)
795 3941 866 3988 unm
883 3936 966 4001 mois,
994 3935 1020 3988 in
1038 3935 1114 3988 elim
1132 3929 1326 3987 muuerem'et-

305 4035 400 4099 tundit,
422 4036 499 4089 durni
518 4042 612 4099 temen,
632 4041 661 4088 ut
677 4035 741 4100 dixi,
761 4036 886 4090 indirecte
904 4037 1005 4090 Deliam
1021 4034 1163 4088 romonem
1182 4030 1327 4086 estense

306 4136 370 4189 vult
406 4132 473 4197 Num
498 4144 597 4193 terrore
615 4152 682 4205 opus
700 4135 836 4191 videbatur
858 4138 884 4189 in
898 4137 953 4191 ista
978 4135 1067 4192 insumi
1084 4134 1266 4204 corruptione,
1278 4144 1283 4151 ·
1294 4130 1335 4182 οό1
