3009 4725
460 421 570 484 LIBR.
593 422 618 485 1.
660 422 782 488 ELEG.
803 426 844 487 ΙΙ.
1116 438 1158 493 29

135 593 267 659 hocloco,
286 590 429 659 asyndeton
444 592 544 646 malim.
555 617 591 630 -
609 592 641 643 V.
655 597 699 645 ll.
719 596 932 662 componito,
951 597 1064 652 condito.
1075 623 1109 636 -
1129 599 1158 652 lu

141 697 194 746 tine
212 694 288 747 unice
304 707 382 744 verua
398 696 440 744 eat
455 697 576 759 receptur
594 690 728 743 verborum
747 689 828 744 ordo:
847 692 1037 762 despiciam
1055 696 1157 763 diter,

137 800 224 846 errant
248 800 334 846 tamen
358 791 575 844 Bnouonnunrua
600 796 628 843 et
651 791 814 846 Hneounrua
838 810 887 859 eo,
912 796 981 861 qnod
1000 798 1088 850 neaoio
1107 815 1158 865 qna

139 892 326 945 oonnuatnbm
343 890 443 943 Tibulli
469 889 490 954 Ι,
510 893 537 952 4,
554 893 599 943 82.
627 889 662 954 ll,
679 893 706 955 2,
724 893 769 944 20.
795 897 823 958 b,
843 897 903 947 1⁰0.
931 911 990 949 eum
1008 895 1157 954 defenduut.

136 993 203 1045 Nam
221 994 248 1045 in
266 990 413 1044 huiuamodi
432 990 510 1042 rebua
527 1004 579 1042 nou
597 992 760 1045 consuetudo
777 994 903 1060 quaedam
922 998 1005 1063 valet,
1029 998 1077 1052 aed
1094 1016 1157 1054 aen-

135 1095 218 1147 taatia
235 1094 362 1158 ouinaqua
380 1094 432 1144 looi
449 1091 511 1157 quid
528 1092 643 1159 postulet
660 1091 807 1146 videndum.
850 1096 936 1162 Atque
962 1095 1003 1149 bie
1027 1101 1155 1154 sententia

137 1199 192 1246 eat:
218 1191 261 1245 alii
280 1190 383 1243 divitiae
401 1187 526 1252 babeant,
544 1204 596 1255 ego
614 1188 753 1257 despiciam
772 1192 853 1258 dites,
878 1195 947 1248 uude
964 1197 1047 1263 liquet
1064 1214 1156 1255 necea·
1265 1266 1269 1275 Ι

135 1296 205 1347 nario
222 1293 330 1347 verbnm
348 1294 457 1361 primum
476 1292 561 1343 locum
580 1305 709 1360 occupare
727 1292 833 1349 debere.
869 1297 948 1353 Quod
973 1298 1067 1354 deiude
1089 1318 1156 1356 nova

136 1395 265 1463 opponitio
283 1399 325 1447 eat
339 1394 407 1447 inter
424 1393 517 1445 diter
536 1397 564 1444 et
582 1391 720 1460 famem,
735 1396 833 1448 bollina
848 1394 890 1450 bie
905 1404 946 1453 eat
961 1403 1093 1468 momenti,
1111 1403 1155 1456 ubi

135 1500 195 1547 ante
212 1493 298 1547 omnia
316 1507 399 1546 nexua
416 1507 477 1546 cum
494 1491 665 1559 aequantibua
682 1495 847 1561 apaotaudna.
868 1521 902 1540 -

473 1730 816 1764 ..4-

252 1791 266 1822 0

409 1939 750 2014 ELEGIA
827 1941 879 2013 ΙΙ.

491 2330 743 2399 INTRODUCT
745 2332 800 2402 10.

135 2554 225 2646 oum
244 2588 339 2656 Elegia
355 2590 388 2643 V.
407 2592 504 2659 scripta
521 2595 555 2645 ait
572 2600 632 2648 aute
650 2593 724 2659 bene,
743 2595 827 2649 lector
844 2597 953 2664 primum
967 2596 1049 2651 odibit
1066 2598 1153 2652 Intro·

132 2691 284 2745 ductionem
303 2691 336 2744 ad
355 2691 440 2756 iiiam3
458 2692 491 2744 ad
509 2709 585 2760 quem
604 2696 691 2748 locum
708 2694 777 2747 anim
795 2695 832 2748 ibi
851 2695 1005 2749 deduximus
1023 2699 1153 2750 narratio-

132 2807 189 2845 nem
208 2807 295 2845 rernm
313 2793 425 2859 Tibulli,
453 2796 487 2846 ab
511 2811 544 2849 ao
567 2812 636 2850 nune
661 2811 718 2849 eam
737 2797 924 2850 continuamus.
968 2795 1087 2849 Vidimua
1105 2812 1153 2848 au-
1195 2826 1197 2835 ,

131 2897 184 2946 tern
201 2895 256 2947 illia
273 2900 420 2962 postremo,
441 2894 575 2949 Tibullum
594 2898 620 2949 in
638 2898 749 2964 gratiam
767 2898 853 2952 redire
871 2897 1059 2951 uolumenum
1075 2894 1153 2947 Delia

131 3008 165 3045 ex
191 2993 300 3047 diaoidio
318 3002 380 3049 autu
400 3001 467 3048 orto.
504 2995 565 3049 Hoo
581 3011 633 3050 nou
651 2996 740 3050 atatim
759 2997 880 3050 affectum
900 2994 1010 3047 videtur.
1048 2992 1152 3044 Dionea-

130 3093 164 3144 oit
181 3092 287 3159 qnidam
304 3103 404 3149 amator
421 3098 472 3149 iate
489 3096 577 3162 dirae,
603 3097 650 3150 aad
675 3096 766 3151 ederat
791 3099 841 3151 iam
860 3096 942 3160 aliua,
966 3094 989 3147 ni
1007 3108 1068 3146 vere
1086 3091 1152 3144 dixit

130 3195 211 3258 poeta
228 3191 255 3243 in
273 3194 345 3247 exitu
362 3196 485 3262 quintae3
503 3196 627 3263 quidquid
645 3198 712 3264 init,
729 3198 805 3251 Delia
824 3213 876 3250 non
894 3195 938 3249 din
958 3200 1017 3264 pont
1034 3191 1152 3260 nnpaisna

130 3288 235 3341 videtur
252 3291 276 3341 ei
294 3291 365 3357 viro,
391 3295 436 3360 qui
454 3293 541 3347 bloet
558 3296 585 3348 in
603 3302 678 3350 nexta
703 3298 789 3363 elegia
806 3302 972 3349 memoratur.
1013 3292 1084 3344 Fieri
1103 3289 1151 3343 boc

130 3389 217 3456 potnit
243 3395 345 3441 aeatuta
369 3406 426 3444 ann.
445 3398 507 3447 725.
552 3394 649 3448 Verum
668 3395 789 3449 Tibullus
813 3393 975 3447 nibilominus
1000 3396 1152 3459 persecutns

131 3494 171 3540 eat
189 3491 351 3560 propositum
370 3507 454 3559 onam,
472 3501 609 3562 postquam
628 3494 711 3548 bieme
729 3495 848 3561 sequenti
867 3494 893 3546 in
911 3491 1002 3544 urbem
1020 3488 1150 3556 redierat3

130 3583 179 3638 tuit
194 3595 255 3641 aute
273 3590 377 3643 ianuam
395 3593 508 3660 puellae,
525 3600 555 3645 nt
573 3591 615 3647 bio
632 3592 757 3657 ridemur,
775 3597 802 3644 et
820 3590 888 3644 band
906 3589 984 3644 dubie
1002 3592 1085 3643 narina
1103 3607 1150 3645 oo-

130 3686 247 3740 canionea
259 3690 400 3757 invenerat,
419 3693 512 3760 quibua
529 3710 622 3763 praees
636 3708 697 3747 euna
711 3699 843 3762 repeteret
854 3693 955 3746 Deliae.
991 3692 1038 3747 Sin
1053 3693 1151 3746 laetum

128 3790 159 3837 ut
183 3787 286 3842 tandem
312 3806 380 3845 nora
404 3794 530 3861 promissa
553 3796 587 3848 ab
610 3800 695 3848 amata
720 3793 807 3847 terret
851 3798 938 3859 Atque
955 3790 1003 3844 bae
1021 3795 1098 3843 noote
1116 3804 1150 3841 ex

128 3883 284 3951 componito,
301 3896 331 3941 ut
348 3890 460 3957 videtur,
478 3901 584 3947 venerat
602 3895 712 3963 primum
730 3897 876 3945 tentaturus
894 3904 960 3942 nova
979 3890 1077 3940 iimina:
1102 3885 1150 3937 aed

127 3994 193 4033 ⁶⁰⁰⁶
211 3989 317 4049 Ρῐῑθῑθῐ
333 3991 557 4058 exspectationem
575 3993 678 4045 clausae
697 3992 860 4059 reperiuntur
877 3987 962 4052 lorea,
987 3985 1151 4053 ponitamqua

125 4079 273 4135 cumdium
292 4083 382 4141 lallare
399 4090 477 4144 Delia
495 4106 546 4144 non
571 4090 658 4143 audet
699 4088 779 4142 Errat
803 4086 845 4141 bie
862 4086 976 4139 Voaarnu
994 4097 1152 4150 magnopere

124 4179 258 4247 scribens,
285 4182 418 4242 Tibullum
437 4197 503 4254 tum,
520 4205 579 4245 cum
598 4190 709 4257 primurn
727 4206 743 4243 e
762 4189 878 4254 Corcyra
895 4182 978 4237 redux
995 4182 1029 4235 ad
1047 4182 1151 4239 domum
