3009 4725
577 431 763 497 TIBULLI.
1091 457 1197 502 cxxxv

168 618 200 668 et
219 606 351 689 pinguia
374 614 486 682 musta,
508 602 563 686 qui
581 608 701 686 septem
715 615 889 667 veneratur
903 604 1043 666 demum
1064 603 1097 665 in
1118 606 1200 684 agris

169 732 200 782 et
229 721 356 804 lapidem
386 737 511 781 eaerum
538 723 566 779 ia
594 694 688 795 aaa),
721 727 752 779 et
781 719 917 780 arborum
946 717 1067 779 fructus
1088 718 1199 778 Siluano

170 835 319 913 apponit,
364 833 467 892 Cereri
496 850 573 892 vero
607 850 757 893 coronam
790 836 914 913 spiceam
948 830 1122 911 promittit,
1168 842 1199 891 et

168 950 290 1025 ponnus
309 946 344 1003 in
361 944 462 1005 hortis
478 945 589 1025 Pnapo
610 944 735 1023 signum
756 955 881 1005 elamet.
923 943 1044 1006 Ferunt
1063 941 1198 1025 denique

173 1057 269 1116 etiam
294 1058 384 1117 Lares
412 1076 544 1119 munera
573 1076 647 1134 sua,
682 1057 780 1118 felicis
810 1058 902 1134 olim,
939 1076 1023 1116 nunc
1051 1056 1199 1136 pauperis

175 1171 242 1247 agri
271 1167 430 1245 custodes,
467 1182 498 1231 at
527 1189 599 1242 cum
632 1182 698 1231 ante
725 1171 812 1232 citata
839 1171 987 1233 lustraret
1015 1169 1199 1230 innumeros

169 1282 339 1359 iuvencos,
360 1304 431 1343 neme
452 1304 533 1361 agna
554 1285 615 1346 erit
630 1285 736 1363 exigui
758 1285 817 1347 soli
837 1286 948 1346 hostia.
989 1281 1088 1343 Vides
1104 1303 1197 1366 quam

170 1394 287 1456 multae
310 1393 496 1473 divisiones,
519 1407 598 1479 quot
621 1396 835 1478 oppositiones
858 1418 965 1459 rerum
981 1408 1013 1458 et
1028 1398 1199 1458 verborum

169 1508 203 1566 in
231 1506 339 1587 pancis
370 1507 521 1571 distichis.
572 1508 689 1571 Similis
718 1523 764 1572 est
792 1513 892 1573 oratio
922 1512 957 1572 in
984 1511 1200 1593 sequentibus.

171 1618 253 1680 Nam
274 1634 441 1704 postquam
464 1624 566 1684 otium
593 1624 628 1685 in
649 1621 780 1703 praedio
805 1624 985 1704 oppositum
1005 1625 1064 1686 viis
1084 1623 1198 1684 milita-

172 1732 278 1808 ribus,
306 1733 509 1813 progreditur
530 1733 570 1797 ad
599 1736 692 1798 sliam
720 1748 842 1818 partem
872 1737 1059 1797 rusticarum
1079 1753 1197 1811 rerum,
1246 1809 1250 1816 Ι

177 1853 209 1903 et
228 1842 368 1923 primum
389 1844 427 1907 de
454 1854 521 1924 agri
538 1847 645 1911 dicens
667 1850 808 1925 cultura,
838 1848 937 1913 diviso
961 1849 1063 1911 statim
1083 1849 1197 1910 iterum

173 1955 236 2017 hoc
256 1957 384 2036 negotio
404 1959 439 2018 in
461 1971 564 2040 partes
583 1982 672 2039 suae,
695 1960 856 2024 interdum
873 1964 982 2023 dedaste
995 1974 1117 2023 vertere
1130 1974 1197 2022 ter-

171 2089 241 2130 ram
263 2083 319 2132 aut
338 2074 448 2133 nimuh
470 2074 566 2136 boves
589 2089 729 2138 aratores
755 2077 917 2158 impellere
937 2075 1014 2138 vult.
1064 2074 1131 2133 Iam
1158 2077 1198 2135 ab

172 2187 315 2246 aratione
345 2184 383 2248 ad
408 2193 578 2269 pecuariam
610 2191 732 2252 transit.
797 2192 843 2252 Ac
871 2207 930 2252 suo
961 2187 1070 2271 pecori
1097 2194 1199 2266 am'gsso

172 2297 305 2360 ιὶὶοῑιιηι
333 2321 469 2379 magnam
491 2322 618 2382 gregem
638 2303 790 2386 opponit,
820 2304 887 2386 ipse
914 2315 1060 2388 pastorem
1087 2303 1199 2366 lustrat

172 2416 340 2495 quotannis
362 2429 395 2478 et
412 2419 517 2480 Palem
545 2420 647 2500 placat
671 2421 764 2496 lacte,
794 2419 828 2481 in
850 2440 914 2504 quo
936 2439 1020 2483 nova
1044 2415 1196 2481 divisione

174 2530 350 2609 pastoritiae
371 2531 532 2611 religionis
550 2530 631 2595 duos
649 2532 728 2595 ritus
745 2534 886 2615 potiores
905 2531 1007 2616 ponit.
1047 2533 1196 2615 Denique

172 2644 309 2705 tractatis
332 2641 462 2723 singulis
488 2645 660 2724 generatim
685 2648 812 2707 invocat
836 2644 912 2708 de'os
934 2658 970 2707 ut
994 2643 1110 2721 adsint,
1139 2666 1196 2707 nec

172 2779 190 2818 e
219 2778 317 2816 marso
344 2778 483 2839 paupera
511 2770 663 2840 spernant
693 2756 779 2820 dona
807 2777 866 2822 nec
896 2777 913 2818 e
933 2757 1071 2839 fictitius
1098 2759 1198 2838 puris.

170 2867 251 2931 inde
283 2867 405 2933 divitias
432 2885 558 2953 patrum
589 2874 757 2957 largosque
783 2868 904 2934 reditus
934 2890 1082 2948 agrorum
1112 2885 1199 2950 post·

170 2986 263 3065 ponit
282 2985 366 3046 vitae
394 2986 502 3066 paucis
525 2998 707 3065 contentae,
737 2998 770 3049 et
795 2985 896 3046 lectum
916 2977 1091 3043 iucundum
1115 2978 1201 3042 domi

170 3095 330 3177 praedicat
351 3110 383 3159 et
408 3121 535 3160 mmnum
562 3120 709 3161 securum
736 3117 813 3182 prae
835 3097 944 3160 militia
957 3094 1090 3177 sororem
1111 3101 1199 3157 maris

172 3221 203 3270 et
232 3213 334 3273 tristes
359 3212 469 3295 plrsoias
496 3213 635 3291 serente,
666 3226 699 3276 et
723 3234 836 3275 aurum
861 3208 1102 3292 smaragdosque
1125 3229 1200 3273 con·

173 3322 282 3384 temnit
302 3323 358 3385 ubi
376 3323 451 3386 fleat
472 3324 642 3388 discessum
664 3347 737 3389 cara
756 3327 878 3408 puella,
901 3336 932 3386 et
953 3322 1028 3385 dum
1045 3322 1198 3384 Messalae

169 3436 292 3512 gloriam
320 3441 467 3501 nu'litarcm
491 3438 616 3520 laudat,
645 3441 713 3522 ipse
737 3439 799 3502 eibi
825 3458 951 3499 moenem
973 3436 1084 3499 Deliae
1107 3459 1200 3518 prae-

170 3549 248 3612 fert:
270 3551 353 3614 hanc
373 3565 503 3635 spectare
524 3554 611 3635 cupit
630 3572 777 3634 suprema
792 3552 887 3628 hora,
908 3552 990 3613 hanc
1010 3562 1103 3612 tencre
1124 3548 1199 3610 defi·

170 3662 270 3724 ciente
292 3685 401 3727 manu.
450 3665 575 3728 Rursus
600 3665 692 3728 etiam
713 3664 807 3726 Delia
828 3664 948 3744 lugebit
968 3665 1088 3725 Tibulli
1113 3682 1199 3724 mor·

169 3788 249 3856 tem,
275 3800 336 3842 nec
358 3780 477 3861 poterit
495 3777 534 3841 de
556 3781 669 3842 funere
690 3784 792 3841 incenis
808 3798 865 3841 uec
888 3782 964 3856 virgo
986 3774 1091 3838 redire
1113 3773 1201 3836 siccis

169 3894 267 3955 oculis
279 3937 289 3971 ,
318 3893 353 3954 in
384 3914 450 3976 quo
481 3915 564 3958 nova
590 3893 788 3975 oppositione
819 3889 941 3971 egregia
971 3890 1027 3950 has
1056 3887 1201 3948 lacrimas

168 4006 344 4085 lugentium
365 4008 497 4071 bellicae
518 4008 636 4088 gloriae
658 4008 805 4088 praefert.
853 4001 930 4066 inde
956 4005 1095 4064 eluctus
1117 4002 1201 4081 cogi-

169 4119 287 4181 tatione
310 4120 350 4183 ad
372 4118 488 4201 gaudia
510 4121 627 4182 amoris
647 4119 742 4193 redit,
774 4121 983 4198 hortaturque
1007 4118 1144 4198 puellam
1165 4131 1201 4178 ut
