3009 4725
455 394 640 471 TlBULLl
676 392 761 467 LIB.
788 394 812 466 l.
833 407 859 467 9.
881 407 924 468 10.
1153 407 1202 477 35

211 594 312 667 Tune
333 601 437 688 patae
459 582 553 658 illam
581 609 647 684 pru
673 597 705 654 te
729 579 915 682 disponere
942 582 1055 657 crines

263 717 335 792 Aut
360 731 482 788 tenues
509 711 617 785 denso
639 726 774 811 pectere
800 709 902 787 dente
928 711 1067 786 comas?

211 851 280 922 lsta
306 845 391 919 haec
419 839 605 943 persuadet
628 838 752 928 facies,
787 867 940 942 auroque
965 839 1109 917 lacertos

177 996 214 1051 70
270 974 409 1051 Vinciat
433 989 466 1045 et
489 971 596 1075 Tyrio
622 968 768 1070 prodeat
795 987 874 1070 apta
899 970 988 1045 sinu

223 1110 302 1180 Non
327 1102 410 1194 tihi,
441 1099 501 1176 sed
524 1099 640 1174 iuveni
664 1098 803 1174 cuidam
826 1098 898 1174 vult
923 1099 1011 1175 bella
1036 1101 1162 1190 videri,

269 1236 441 1309 Devoveat
462 1258 526 1331 pro
554 1257 623 1331 quo
649 1255 790 1329 remque
816 1228 1025 1333 domumque
1048 1249 1151 1307 tuam.

216 1367 287 1442 Nec
312 1363 394 1438 facit
419 1360 486 1435 hoe
512 1358 614 1449 vitio,
638 1355 701 1432 sed
727 1386 872 1461 corpora
898 1360 1001 1436 foeda
1026 1363 1182 1466 podagra

267 1494 311 1568 Et
330 1491 424 1568 senis
452 1487 629 1591 amplexus
656 1484 745 1563 culn
772 1487 884 1589 puella
909 1490 1008 1590 fugit.

179 1623 313 1698 75Huic
323 1639 437 1697 tamen
450 1617 613 1694 accubuit
630 1633 747 1691 noater
758 1644 862 1718 puer:
882 1618 975 1694 hunc
988 1648 1052 1719 ego
1065 1619 1201 1696 credam

275 1752 361 1825 Cnnr
389 1749 543 1825 trucibus
569 1750 738 1821 Venerem
763 1746 907 1846 iungere
931 1775 1034 1851 poene
1058 1750 1150 1826 seris.

222 1878 459 1987 Blanditiasne
482 1904 575 1951 meaa
600 1873 676 1951 aliis
703 1891 740 1949 tu
763 1876 909 1951 vendere
935 1904 972 1952 es
998 1905 1121 1971 ausus,

273 2010 372 2082 Tune
393 2004 468 2082 aliis
494 2005 634 2080 demens
660 2002 777 2079 osenla
799 2003 888 2078 ferre
914 2007 1013 2079 mea?

222 2139 321 2213 Tunc
345 2134 462 2227 flebis,
488 2163 565 2211 cum
591 2161 646 2208 me
672 2134 822 2209 vinctum
845 2161 932 2235 puer
957 2132 1042 2209 alter
1065 2134 1205 2212 habebit

183 2287 220 2341 80
275 2269 318 2343 Et
343 2282 439 2369 geret
462 2265 501 2339 in
522 2291 764 2365 regnaregna
789 2265 939 2368 superba
964 2282 1032 2340 tuo.

223 2400 269 2476 Aa
291 2419 445 2476 enatum
470 2426 526 2473 me
551 2425 664 2500 poena
689 2397 799 2487 iuvet,
823 2398 1016 2503 Venerique
1042 2400 1186 2478 merenti

274 2532 358 2605 Fixa
378 2548 473 2606 notet
492 2556 592 2604 caune
619 2554 723 2603 aurea
749 2527 865 2628 palma
891 2557 995 2605 meos.

167 2713 173 2723 -
226 2661 340 2736 ‘Hane
365 2658 428 2734 tihi
453 2658 564 2735 fallaci
590 2655 761 2734 resolutus
788 2682 903 2730 amore
929 2657 1088 2735 Tibullus

277 2790 426 2868 Dedicat
448 2807 481 2864 et
506 2806 602 2889 grata
628 2788 695 2876 ais,
717 2785 799 2876 dea,
829 2801 942 2859 mente
967 2790 1085 2884 rogat?

521 3161 780 3226 ELEGIA
831 3160 874 3224 Χ.

222 3323 341 3492 Quia
366 3373 440 3465 suit,
467 3372 660 3448 horrendos
686 3372 819 3474 primus
842 3370 902 3473 qui
925 3365 1067 3470 protulit
1086 3365 1209 3444 enses?

277 3502 393 3600 Quam
415 3502 510 3581 serus
536 3522 570 3579 et
589 3530 667 3578 vere
692 3502 824 3576 ferreus
850 3498 906 3574 ille
931 3498 1015 3574 fuit!

222 3630 314 3705 Tum
341 3633 463 3708 caedes
486 3633 666 3708 hominum
693 3632 829 3731 generi,
860 3649 932 3706 tum
954 3627 1084 3733 praelia
1109 3645 1209 3717 nala,

272 3761 362 3837 Tum
388 3763 528 3839 brevior
552 3763 648 3839 dirae
674 3763 794 3838 mortis
821 3780 936 3863 aperta
962 3762 1016 3834 via
1041 3777 1099 3833 est.

255 4004 346 4061 uto.
370 4022 479 4077 regno
503 4012 572 4067 libri.
611 4011 771 4066 Rnnrnnrn
791 4006 893 4081 gremio
916 4005 1038 4060 suaviter.
1075 4000 1210 4055 Humerus

182 4110 211 4158 et
229 4105 350 4162 (turne
370 4109 400 4163 in
418 4129 501 4183 regno
519 4121 628 4185 sceptra
649 4120 805 4184 proponunt.

886 4205 942 4269 3⁴¹
