3009 4725
276 385 319 439 20
511 376 793 445 COMMENTAR.
816 384 861 448 ΙΝ
884 387 1058 456 TlBULLI

281 562 340 614 Cic.
361 562 435 615 verr.
455 562 500 628 lV,
519 565 564 615 nt.
583 577 659 631 quens
676 564 857 623 Buoucuuus.
876 571 970 626 lendst.
987 601 1021 613 -
1040 576 1072 630 v.
1084 579 1128 629 39.
1149 582 1302 650 primum,

280 659 303 712 b.
323 678 347 713 e.
366 660 514 727 antiquitus.
552 661 592 714 Dc
610 662 730 731 opinione
748 664 865 734 dispntst
882 668 1052 726 lluscuurus.
1087 676 1170 729 Puelu
1187 684 1302 736 snsvlter

280 762 359 814 etium
391 768 610 829 persequentem
637 778 741 818 uersum
770 767 797 818 in
821 768 979 835 cogitatione
1006 773 1175 841 simplicitatis
1200 778 1301 845 priscus

279 861 444 926 immusstur,
469 861 514 913 nbi
532 862 570 914 de
588 862 689 917 incili
708 865 784 918 luto
803 873 845 920 est
863 871 971 936 argilis,
996 888 1063 937 quse
1080 875 1143 942 tingi
1161 880 1298 933 commode

278 967 427 1029 potest.·-
454 961 487 1014 V.
506 963 890 1019 metaumaucensis
910 969 1030 1022 levurc
1049 975 1144 1041 loro,
1169 982 1198 1028 ut
1216 977 1298 1030 Ovnn.

280 1064 380 1116 Amori.
400 1062 519 1128 1‚s‚n=
544 1061 659 1133 imposui
683 1064 768 1117 medio
791 1065 905 1118 membru
923 1065 1040 1121 levanda
1057 1081 1134 1134 τοτοῖ
1163 1051 1235 1129 Fsic
1253 1078 1300 1142 vl,

278 1165 347 1215 nnus
374 1164 446 1213 Pors
471 1160 541 1212 iacet
565 1170 592 1211 ct
616 1161 689 1213 molli
711 1162 832 1233 grunius
849 1164 967 1218 membra
990 1167 1079 1235 levat,
1100 1188 1168 1238 quse
1185 1175 1299 1228 Vossius

280 1260 400 1312 contulit.
440 1259 580 1327 Repetitur
598 1274 659 1312 vero
677 1263 806 1315 sententis
824 1262 967 1318 lterumctui
984 1271 1101 1323 ornatius
1119 1288 1167 1340 per
1188 1275 1299 1342 smpiib·

277 1361 421 1425 cntionem,
439 1375 497 1412 curu
517 1359 659 1413 luculenter
676 1359 818 1428 depingere
835 1364 898 1416 velit
915 1367 1068 1420 survitstetn
1086 1372 1134 1426 rei,
1168 1371 1299 1424 Didesnnt

276 1462 345 1513 eninr
365 1458 463 1511 lectum
481 1465 509 1512 et
526 1452 603 1511 torus
626 1467 656 1512 ut
682 1461 755 1526 λέχος
780 1469 807 1515 et
832 1458 909 1532 εὐνή,
933 1472 960 1519 et
983 1467 1055 1521 uides
1073 1468 1206 1524 Tibullum
1224 1479 1298 1540 post·

275 1574 353 1626 quum
371 1561 480 1628 primunr
498 1560 649 1627 simpliciter
667 1562 829 1632 requiescere
847 1563 916 1617 lecto
934 1566 1013 1633 dixit,
1035 1568 1129 1623 deinde
1145 1571 1212 1624 bene
1229 1579 1299 1625 stru·

279 1668 333 1714 tnru
352 1662 447 1713 lectum
464 1659 577 1724 lsudsre,
594 1675 647 1726 quo
663 1661 743 1714 leucri
757 1664 873 1718 membru
892 1665 1000 1732 possint,
1018 1671 1045 1718 et
1063 1666 1168 1721 lsudsre
1180 1668 1298 1728 sobrois,

276 1766 353 1831 quule
372 1778 422 1815 non
441 1770 482 1814 cst
499 1763 524 1813 in
544 1762 620 1816 bello
659 1762 753 1831 Neque
777 1780 839 1818 uero
864 1766 980 1820 llounun
1004 1767 1077 1837 epics
1102 1771 1208 1826 nboelss
1225 1790 1298 1828 cnun-

276 1863 360 1931 psrsri
380 1860 460 1914 debet
476 1866 505 1912 ut
524 1859 685 1914 Huucustns
704 1862 784 1927 lecit,
812 1864 863 1918 sliu
883 1872 924 1916 est
943 1867 1011 1920 eninr
1029 1868 1118 1936 spica,
1146 1871 1197 1923 ulis
1215 1872 1296 1936 lycius

276 1964 378 2031 poesis3
402 1961 492 2030 epicns
515 1968 593 2030 poete
615 1961 671 2016 l'ers
689 1964 785 2031 ubique
804 1965 901 2018 diutius
920 1973 1035 2019 munstur
1052 1975 1131 2034 utque
1149 1970 1225 2021 etium
1245 1971 1295 2021 mi·

274 2078 338 2115 nors
355 2061 471 2114 studiose
490 2062 656 2127 exsequitur,
681 2063 779 2128 lyricus
796 2063 879 2116 sicubi
897 2071 1027 2129 moretur,
1053 2080 1115 2133 prae
1132 2066 1189 2116 eliis
1206 2065 1292 2117 extol·

274 2163 329 2215 lere
346 2163 402 2214 vult
419 2161 515 2227 aliquid
534 2159 721 2229 smplidcsndo.
766 2161 812 2213 Sic
834 2160 911 2213 modo
929 2159 1036 2212 uidimus
1054 2160 1079 2211 in
1098 2159 1175 2212 lsnde
1192 2162 1291 2228 simpli-

243 2277 247 2288 ·
274 2263 361 2316 citetis
385 2263 500 2331 priscae:
526 2260 637 2312 Fictilia
657 2259 788 2332 antiquus
802 2260 919 2329 primum
944 2255 994 2309 sibl
1012 2256 1085 2326 sccii
1103 2257 1219 2328 agrestis
1237 2277 1289 2329 po·

273 2361 351 2426 cuin,
370 2362 401 2414 ds
414 2360 499 2435 fircs'ii
516 2360 713 2434 composuitque
729 2361 796 2414 luto.
834 2359 899 2412 Mox
917 2360 1034 2426 legemus
1051 2358 1136 2412 uliud:
1162 2362 1207 2411 Mu
1223 2361 1289 2411 reti-

273 2474 337 2515 nent
356 2464 474 2514 cinctum
486 2464 611 2535 formosa
631 2462 719 2515 vincla
734 2459 851 2530 puellae,
868 2471 896 2511 et
910 2460 986 2512 sedeo
1005 2459 1089 2512 durus
1107 2459 1209 2512 ianitor
1226 2469 1290 2512 unte

266 2562 353 2633 fores.
390 2562 468 2615 Pinus
487 2569 574 2616 sutem
591 2562 625 2615 de
643 2559 692 2613 lroc
711 2575 808 2627 genere
824 2559 1032 2630 umplilicstionis
1050 2559 1164 2626 explicui
1184 2558 1210 2610 lu
1228 2558 1290 2611 liis·

272 2662 411 2713 sertuione
428 2660 462 2713 de
481 2662 627 2715 elocutione
647 2661 753 2714 Tibulli.
791 2663 868 2718 Quae
886 2677 945 2714 cuns
961 2661 997 2713 its
1015 2661 1082 2725 sint,
1107 2659 1159 2712 ism
1175 2674 1227 2713 non
1244 2675 1291 2712 co·

272 2761 368 2828 gitubis
385 2777 444 2814 cnut
462 2761 615 2827 quibusdum
633 2761 819 2829 interpretibus
843 2760 877 2813 de
897 2761 1067 2814 discubitorio
1085 2760 1169 2824 lecto,
1194 2760 1290 2826 inquo

271 2861 355 2929 epulis
371 2859 574 2920 accumbebant3
598 2860 661 2909 sstis
686 2864 759 2925 putet
783 2860 808 2910 iu
834 2864 890 2910 toto
914 2859 974 2910 loco
997 2858 1031 2911 de
1048 2874 1139 2913 somno
1158 2866 1186 2911 et
1203 2861 1291 2926 quiete

271 2966 397 3013 unctum
416 2960 486 3026 ioqui
505 2964 617 3025 poetam,
636 2956 770 3022 epularum
790 2969 852 3006 vero
870 2956 967 3007 mentio
984 2956 1068 3007 eliens
1087 2961 1135 3008 cst.
1147 2984 1182 2997 -
1201 2959 1233 3011 V.
1246 2961 1290 3011 tu.

271 3067 391 3113 tenero
408 3061 499 3123 sinu,
516 3063 545 3110 ut
559 3057 580 3121 l,
594 3059 621 3121 2,
635 3059 684 3106 ἴδε
703 3054 802 3105 teneris
817 3052 931 3105 retinere
945 3053 1063 3106 lacertis.
1099 3056 1131 3108 ln
1145 3073 1198 3124 quo
1215 3066 1290 3108 tener

270 3167 328 3213 estc
353 3175 466 3214 umorem
491 3157 605 3224 spissus,
631 3157 773 3208 umstorius
797 3153 963 3223 (zdrtiiels),
990 3153 1106 3221 epitheto
1122 3158 1156 3211 ud
1174 3160 1291 3228 corporis

270 3270 369 3332 purtem
396 3262 492 3325 seluto,
519 3266 547 3311 ut
571 3272 665 3325 saepe,
691 3274 715 3310 v.
734 3274 757 3311 c.
785 3257 910 3309 miserum
936 3265 1019 3326 caput
1045 3257 1067 3322 l,
1092 3260 1181 3325 ΜΘ.
1207 3257 1289 3309 noxia

271 3360 385 3413 inumbra
403 3363 424 3426 l,
442 3364 469 3425 3,
487 3361 531 3414 td.
551 3355 662 3409 brachia
679 3364 762 3426 coptu
779 3356 801 3421 1,
820 3361 846 3420 7,
864 3359 890 3408 u.
909 3356 993 3408 solers
1008 3373 1105 3409 manus
1122 3358 1182 3410 ibid
1201 3371 1224 3406 v.
1242 3358 1285 3405 29.

268 3457 367 3509 inculti
387 3459 467 3527 pedes
490 3475 518 3519 r,
533 3464 579 3514 ³6.
604 3466 631 3514 et
655 3460 727 3513 nlius.
764 3460 804 3511 lie
822 3459 1011 3526 significatione
1033 3474 1111 3526 porro
1128 3454 1194 3509 coni.
1212 3462 1286 3503 tener

269 3555 355 3607 Amor
379 3556 400 3618 l,
418 3561 445 3619 3,
461 3562 505 3610 bi.
529 3558 616 3610 teneri
641 3576 735 3610 versus
758 3559 841 3612 Ovtn.
866 3560 923 3613 stt.
948 3560 1004 3609 Anu.
1023 3555 1056 3617 ll,
1079 3557 1140 3606 278.
1166 3560 1286 3603 tenerum
1312 3544 1318 3557 ’

267 3667 374 3702 carmen
393 3655 494 3703 Arnum
513 3655 675 3720 11,s,n.-
696 3657 899 3710 detinuisse
921 3655 1002 3706 Vnus.
1022 3651 1142 3716 AculV,
1154 3653 1204 3703 342
1223 3654 1286 3706 Aut

265 3752 366 3822 prendo
383 3750 533 3805 Ascanium
551 3783 586 3794 -
605 3756 715 3827 decepsi.
752 3759 791 3810 Ac
813 3760 963 3823 computent
980 3751 1078 3805 dictum
1096 3750 1195 3804 Comini
1213 3757 1287 3806 vete·

266 3860 316 3913 ris:
343 3855 397 3918 itis
422 3855 561 3913 καθεύδειν
583 3859 632 3933 τήν
657 3867 784 3934 ipsulsps
808 3862 887 3929 ἔχων,
915 3858 987 3929 quod
1004 3860 1126 3913 Scitum
1143 3857 1177 3912 ud
1193 3857 1286 3929 Eurip.

265 3960 401 4015 Phoenice.
426 3963 488 4015 sut.
511 3962 631 4026 domni,
657 3963 700 4014 ubi
725 3964 786 4017 uide
811 3965 956 4017 Vsncuun.
997 3960 1136 4015 Postremo
1159 3959 1287 4013 nntsndus

265 4078 326 4114 russis
344 4062 461 4114 infinitivi
487 4062 594 4127 perlecti
614 4078 652 4130 pr.
679 4065 792 4126 scrico,
818 4078 898 4131 suepe
922 4063 991 4131 spud
1016 4062 1149 4115 Tibullum
1171 4065 1199 4112 et
1221 4061 1285 4112 slim

263 4161 355 4211 obrius
377 4167 484 4226 poetas,
510 4167 537 4210 ut
563 4165 673 4210 constet.
717 4159 809 4224 Neque
829 4176 891 4213 vero
909 4163 994 4215 solnm
1013 4161 1131 4228 poeticus
1155 4158 1198 4213 bic
1215 4172 1283 4220 usus
