3009 4725
454 282 563 347 uma
589 285 643 348 111.
685 285 807 353 anuo.
831 290 872 352 v.
1104 263 1170 359 ‘aaa

153 466 270 531 priorum
294 455 432 512 iniucunda
450 456 477 509 in
503 455 549 508 tali
567 470 638 509 nexu
657 457 767 510 alterum
788 458 910 526 propris,
937 460 1048 515 alterum
1072 462 1169 533 impro-

152 568 209 634 prie
232 561 337 629 accipit
380 559 469 612 Obilcl
495 573 574 626 porro
599 556 659 612 huie
681 560 849 629 explicationi
874 560 969 628 debet,
995 564 1065 633 quud
1092 567 1170 620 etiam

152 663 283 716 linimus
300 663 407 723 mouet,
435 672 487 710 uon
506 656 587 709 tuisse
603 657 630 709 iu
646 657 755 711 Etruria
772 675 852 726 aquas
869 661 974 716 Baianis
997 665 1170 734 pmestautlo-

152 776 202 824 res,
220 774 285 825 quas
303 761 406 810 cousmt
418 755 520 808 eatena
538 755 657 807 omnibus
675 756 813 824 praelatas,
831 757 865 811 ei.
884 761 997 813 Sullano
1014 762 1073 816 loeo
1091 779 1170 833 supra

152 858 273 927 apposito
291 862 319 908 et
336 855 483 908 Maurus.
503 853 548 919 Vl,
565 855 611 918 42,
627 858 654 906 i.
685 868 719 905 ne
744 854 882 908 afferamus
906 856 989 924 plura.
1024 860 1075 914 His
1090 862 1172 929 igitar

151 955 294 1008 rationibus
313 954 421 1019 ductus,
445 952 540 1020 quibus
558 950 669 1004 somnae
687 951 767 1004 etlam
784 953 837 1005 alia
853 953 950 1007 addere
967 973 1086 1024 umnam,
1108 974 1169 1013 ως.

153 1060 255 1122 ruptam
273 1053 352 1106 eredo
377 1053 516 1105 lectionem
539 1047 674 1106 maxima,
698 1054 727 1101 st
743 1050 887 1118 amplectar
905 1055 1078 1110 coniecturam
1095 1054 1169 1110 fasit-

153 1155 240 1208 limam
267 1160 295 1206 et
319 1155 443 1222 optimam
463 1151 606 1220 proxima,
638 1150 807 1204 asmornro
830 1152 856 1203 iu
882 1152 1025 1206 Parsdnxis
1050 1129 1191 1209 litorariis'

154 1253 313 1321 propositam
331 1256 359 1304 et
386 1250 520 1321 probatam
539 1249 659 1303 Heinsio
677 1249 704 1302 iu
723 1249 886 1304 Adversariis
904 1267 953 1305 nec
970 1269 1021 1306 unu
1039 1255 1170 1311 liunus:-

155 1366 236 1404 uuaro
257 1357 284 1403 et
301 1352 424 1414 Vnarro,
441 1351 486 1417 qui
503 1351 617 1418 recepit,
636 1351 756 1417 aliisque.
792 1351 881 1418 Saepe
897 1353 1038 1419 permutari
1054 1354 1081 1407 ln
1098 1354 1171 1407 libris

154 1448 289 1501 maximus
307 1454 335 1500 et
353 1447 494 1516 proximus
519 1454 636 1501 notatum
661 1453 718 1513 est,
745 1446 909 1515 laudavitque
926 1449 977 1503 iam
996 1449 1127 1504 Bararus
1144 1451 1170 1503 irr

156 1546 388 1599 Observationibus
407 1546 556 1600 Buranun.
574 1546 607 1599 ad
626 1546 726 1601 Lueau.
742 1545 779 1612 X,
796 1549 875 1612 toa„
901 1546 936 1598 ad
961 1548 1036 1602 ovid.
1054 1547 1171 1615 Met.11‚

155 1650 229 1712 823,
248 1646 281 1700 ad
301 1648 405 1700 Patere.
421 1646 456 1713 11,
473 1651 519 1702 ³6.
537 1652 600 1702 lut.
616 1648 721 1702 lusum.
734 1646 847 1712 x1v‚4.
882 1643 933 1699 list
947 1651 1034 1700 autem
1045 1647 1171 1715 proxima

156 1753 186 1800 ut
209 1764 289 1817 saepe
311 1746 556 1816 altercantium,
585 1749 712 1816 dignitate
737 1753 766 1801 et
790 1746 963 1816 praestantia,
989 1746 1069 1800 vetuti
1086 1748 1169 1801 Orru.

154 1848 221 1901 Mat.
238 1835 299 1914 illl,
322 1852 392 1901 ³96:
419 1857 584 1921 pectoraque
612 1848 752 1917 artificum
778 1846 904 1900 laudatis
923 1844 1049 1915 proxima
1077 1845 1171 1917 riguis,

154 1945 252 1999 Clean.
269 1946 302 2000 ad
320 1947 374 2000 Ata
392 1946 427 2012 11,
445 1952 478 2001 δε
500 1945 625 2015 proxima
649 1954 690 1996 est
708 1943 751 1996 illi
768 1942 910 2014 murricipm
928 1945 995 1996 base
1011 1942 1171 1997 Antiatium

152 2040 259 2096 civitas.
297 2044 363 2098 Vide
386 2045 462 2114 plura
486 2043 556 2112 apud
583 2043 722 2096 Hnuururr
749 2049 778 2095 et
801 2044 940 2096 Vuarrurr.
976 2042 1034 2097 Nes
1058 2042 1170 2110 (leuique

153 2150 371 2214 comparationem
389 2163 514 2215 aquarum
531 2145 673 2199 salubrium
692 2159 751 2197 cum
777 2144 848 2197 Baiis
866 2144 1005 2213 Campanis
1021 2144 1170 2212 infrequen-

155 2249 207 2297 tem
225 2262 282 2300 esse
302 2254 412 2313 constat,
431 2247 464 2300 ei.
484 2246 615 2299 Faunus.
635 2244 667 2295 ad
687 2244 795 2296 Ausonii
814 2242 951 2296 Mosellam
969 2246 1031 2294 m.
1049 2241 1171 2296 laudante

155 2342 247 2395 eudem
271 2344 396 2395 Haemo.
431 2343 478 2395 Sic
504 2345 583 2409 igitur
608 2357 698 2397 ornnes
724 2342 891 2397 difficultates
916 2348 1072 2397 evanescunt
1096 2342 1198 2421 lacil3

157 2439 226 2489 lime.
263 2440 334 2492 Alias
352 2439 514 2492 coniecturas
533 2444 562 2491 ut
580 2441 687 2493 Vossur
709 2457 782 2491 nune
799 2456 920 2511 aequans
939 2441 1024 2493 sacris
1039 2440 1173 2494 Baiarum

155 2533 248 2586 »annia
266 2534 391 2606 Iyrrrplria‚
409 2542 456 2589 aut
473 2535 628 2590 Huscnuus
645 2555 717 2590 nurse
736 2553 841 2608 augens
859 2535 944 2589 sarria
961 2537 1096 2589 Baiarum
1113 2558 1172 2592 mu·

155 2651 223 2685 nera
241 2633 372 2704 lampius,
391 2638 468 2691 animi
487 2653 564 2691 caum
582 2638 616 2692 ab
637 2655 670 2691 eo
687 2639 864 2709 propositum,
882 2642 1033 2705 praetere03
1051 2638 1172 2692 uolumus

156 2733 224 2785 enim
241 2731 361 2787 hariolari
379 2741 406 2788 et
422 2737 449 2789 in
467 2738 517 2789 alia
535 2738 621 2790 omnia
636 2737 726 2805 abire,
752 2738 800 2791 sed
818 2735 881 2789 illud
898 2741 987 2787 tenere
1004 2734 1073 2802 quod
1093 2751 1171 2801 quam

155 2834 273 2902 proxime
295 2834 364 2887 absit
387 2851 404 2887 a
425 2836 555 2904 scriptura
572 2837 708 2891 librorum.
744 2837 869 2888 Baculus
893 2833 1012 2886 coniicit:
1040 2839 1106 2882 ants
1125 2849 1172 2883 sa·

156 2948 217 2983 crus
233 2932 404 3003 -lymphua
421 2933 469 2988 sed
486 2937 527 2988 vel
545 2939 673 2990 sententia
690 2935 826 3005 displicet3
844 2950 928 3002 neque
946 2934 1013 2986 euim
1029 2932 1170 3000 quidquam

155 3029 228 3084 Baiis
247 3031 295 3085 luit
312 3033 433 3086 nobilius.
477 3035 562 3089 Unum
591 3043 672 3090 restat
696 3036 766 3102 quod
791 3033 992 3089 comideremus.
1038 3032 1170 3085 Hamus

155 3133 223 3185 euim
256 3135 397 3190 secuudum
426 3142 454 3191 et
481 3139 589 3191 tertium
616 3153 719 3190 versum
747 3138 852 3190 omniuo
880 3136 1005 3187 insertum
1033 3139 1110 3200 putat
1137 3133 1171 3187 ab

153 3232 240 3285 aliens
264 3249 357 3301 mauu,
384 3242 411 3288 et
431 3236 570 3290 ubsurdam
588 3243 667 3303 atque
684 3237 799 3303 ineptam
817 3236 985 3287 senteutiama
1018 3231 1098 3285 Uistla
1120 3233 1172 3288 sub

152 3332 288 3385 aestivum
309 3353 363 3386 non
380 3335 506 3389 adeunda
530 3339 642 3392 Canem,
668 3336 693 3387 in
718 3350 771 3400 quo
790 3340 875 3386 tumen
893 3332 988 3385 iudicio
1011 3347 1062 3386 uon
1085 3334 1172 3386 omnia

152 3432 294 3488 laudamus.
331 3436 415 3490 Poeta
439 3454 498 3492 eum
524 3435 607 3488 nollet
630 3434 700 3488 uude
727 3435 833 3488 dicerer
862 3435 917 3487 Vos
943 3439 1033 3486 tenent
1049 3434 1171 3488 Etruriae

153 3545 235 3596 aquae
258 3537 393 3605 salubres,
420 3538 584 3609 oppositione
611 3536 767 3589 sententium
794 3534 972 3589 illustrandam
999 3537 1117 3601 censuit,
1143 3542 1174 3587 ut

153 3643 231 3697 nepe
255 3632 321 3688 bene
346 3639 377 3688 fit
401 3639 427 3691 in
451 3638 531 3691 initiis
556 3635 698 3688 carminum
723 3641 750 3690 et
774 3635 848 3688 allas.
883 3630 1060 3686 Nihilominus
1087 3645 1178 3683 verum

152 3721 219 3779 ¹¹⁸⁰ss
238 3729 343 3793 quidem
367 3739 561 3804 oppositionem
586 3736 684 3803 frigere
709 3739 832 3796 maxime.
868 3727 1010 3784 Sententia
1034 3742 1104 3782 vera
1126 3742 1184 3783 euru

152 3815 218 3872 haee
232 3824 282 3876 sit:
300 3827 357 3879 Vos
376 3835 466 3888 terem
482 3836 567 3890 undas
585 3835 784 3913 saluberrimae,
801 3846 853 3902 ego
872 3824 972 3883 merliu
990 3827 1074 3895 graui
1092 3827 1194 3888 laisum,

153 3917 226 3971 rides
244 3920 295 3975 ism
314 3924 468 3993 simpliciter
485 3933 522 3986 its
541 3935 677 3991 dicendum
697 3943 799 4016 summ
820 3934 877 3989 Vos
895 3930 982 3980 tenet
997 3924 1137 3983 nuru-uta
1151 3938 1203 3978 rus-

155 4025 201 4073 uat
218 4034 286 4086 quae
304 4021 420 4079 sortibus
444 4030 513 4087 usia
538 4037 619 4090 aseris
643 4036 772 4135 ⁸⁸i⁸¹um
799 4032 926 4124 proxim
953 4028 1104 4115 lamatio,
1136 4029 1219 4080 tw
