3009 4725
476 411 583 476 urssn.
606 416 630 474 r.
674 412 794 477 nnuc.
817 416 841 476 r.
1081 386 1159 480 '2⁷

138 583 184 648 qni
202 587 280 650 eaput
298 581 412 638 tenebris
430 588 528 636 tectum
547 582 655 646 hebeat,
673 582 797 640 hactenus
815 578 930 646 ἄφαντον
947 584 1072 638 accedere
1089 585 1159 652 quud

87 736 91 742 ,
138 682 220 735 iacies
236 682 353 749 dignosci
373 697 425 735 nnn
445 684 537 752 pessit,
555 684 613 750 quis
630 684 673 736 sit.
710 683 810 736 Censor
829 683 873 738 ille
890 699 1045 748 moerorem,
1062 685 1162 740 luctum

139 783 229 836 tribuit
253 783 333 836 Morti
360 789 389 836 et
414 784 525 836 velatum
551 790 630 851 ceput
658 782 753 836 babere
780 800 836 837 enni
862 790 951 838 censet
975 791 1005 838 ut
1030 787 1159 853 lugentes,

139 883 203 933 miro
220 880 400 949 phantasmate
417 887 445 933 et
462 881 564 934 dicendi
590 882 716 947 andacia3
744 885 788 935 alii
813 892 932 952 opertum
958 886 1047 938 solunt
1072 893 1159 954 caput,

138 998 171 1036 ne
188 983 260 1037 dirae
278 983 344 1035 dese
363 984 448 1035 tultus
466 982 656 1051 conspiciatur,
673 999 740 1050 quae
758 1000 801 1037 res
818 990 891 1039 certe
908 985 959 1040 boc
976 988 1034 1040 luco
1053 988 1158 1042 inutilis.

139 1082 245 1135 Ducunt
262 1097 325 1135 vero
342 1082 440 1134 Tibulli
456 1081 535 1134 verbs
552 1082 612 1134 elio.
648 1082 734 1135 Dicit:
757 1085 809 1136 iarn
827 1086 914 1137 veniet
931 1100 1009 1150 mors,
1026 1086 1077 1139 iam
1095 1087 1172 1138 suu·

140 1190 216 1251 repet
242 1189 378 1247 senectus,
406 1189 434 1235 et
460 1181 676 1249 quemadmodum
707 1186 850 1237 senectutis
877 1186 1007 1238 tristitiam
1036 1186 1159 1242 describit

140 1282 278 1348 disertius,
302 1283 342 1335 sic
365 1282 442 1335 etiam
460 1281 531 1348 quod
548 1282 626 1334 murti
645 1287 684 1334 est
702 1282 817 1336 additum
842 1283 1032 1352 praedicatum,
1057 1287 1157 1338 tristem

139 1389 255 1435 naturam
273 1383 372 1446 mortis,
389 1382 567 1441 infelicitatem
586 1387 747 1433 mortuorum
766 1382 913 1447 significare
932 1382 1019 1448 debet,
1037 1374 1080 1435 ubi
1099 1400 1158 1436 ces·

140 1491 197 1536 snut
212 1483 314 1549 gaudis.
350 1482 544 1535 Recordsbsris
561 1480 642 1547 igitur
660 1480 747 1548 potius
765 1483 847 1540 νέφος,
864 1476 955 1538 σκότος
971 1478 1091 1532 θανάτου
1110 1498 1158 1534 no-

140 1583 280 1649 tissimum,
304 1591 332 1636 et
349 1584 489 1650 cogitanda
508 1588 551 1634 est
569 1596 638 1634 mors
655 1582 739 1647 qualis
758 1581 915 1649 conspicitur
934 1584 960 1636 in
978 1591 1081 1637 mortuo
1100 1585 1159 1652 (ais

140 1684 325 1756 Bracheinung
342 1701 386 1735 am
407 1684 541 1752 Pudnu),
567 1699 627 1736 cnm
651 1689 730 1751 caput
753 1684 867 1738 tenebris
884 1691 981 1737 tectum
1000 1684 1025 1741 b.
1044 1704 1069 1741 e.
1088 1693 1157 1743 sculi
1242 1697 1251 1720 ⁸

141 1793 247 1839 aeterna
263 1787 374 1853 caligine
392 1786 454 1838 tecti
472 1792 541 1840 sunt
587 1785 623 1837 Ut
641 1794 724 1852 caput
742 1781 858 1837 tenebris
873 1801 958 1855 grave
982 1784 1060 1840 habet
1077 1790 1160 1844 Oedi-

142 1901 191 1953 pus
217 1900 258 1953 ep.
284 1886 387 1938 Ssrssc.
412 1882 545 1937 Phoeniss.
566 1885 631 1936 833.
674 1883 771 1935 Sicut
794 1881 864 1933 alind
883 1885 1031 1951 exemplum
1055 1902 1160 1954 ponam,

141 1999 200 2035 cum
218 1982 283 2035 iul'ra
302 1983 349 2049 ΙΙΙ,
365 1988 392 2048 b,
412 1987 453 2036 16.
472 1983 581 2035 dicitur:
608 1982 647 2031 Et
672 1978 789 2031 nondum
806 1979 867 2031 cani
884 1979 976 2051 nigros
995 1981 1094 2034 laesere
1111 2003 1159 2035 cc-

137 2082 233 2152 pr'llos,
250 2101 298 2135 nec
315 2084 389 2135 venit
407 2083 487 2135 tardo
505 2100 590 2134 curva
608 2089 716 2134 senecta
732 2079 800 2150 pede
810 2113 817 2138 ‚
836 2080 970 2134 manifesto
989 2097 1040 2135 non
1058 2086 1159 2150 cogita-

141 2191 183 2236 tnr
205 2201 314 2253 persona
331 2186 460 2251 quaedam
477 2186 608 2239 Senectus
631 2184 669 2237 sic
694 2183 838 2247 accedeus,
865 2183 911 2235 sed
930 2181 1085 2235 describitur
1103 2184 1159 2251 ipss

141 2283 321 2348 resiliamus,
336 2284 420 2351 qualis
433 2283 593 2351 conspicitur
607 2283 632 2335 in
646 2281 759 2335 senibus.
778 2281 856 2337 Quod
871 2297 955 2348 genus
969 2281 1071 2335 dicendi
1080 2298 1160 2351 saepe

141 2396 191 2433 neu
206 2382 440 2435 animadverterunt
455 2383 620 2450 interpretes.
633 2407 666 2419 -
685 2381 719 2434 V.
730 2385 774 2437 tl.
791 2381 1013 2447 intersectas,
1030 2389 1161 2448 senectus,

141 2495 193 2533 non
210 2482 304 2533 idonea
321 2483 428 2535 militine
445 2484 600 2547 amatorius,
624 2482 725 2549 qualem
744 2497 806 2535 mox
824 2482 956 2535 describit.
974 2511 1010 2520 -
1042 2482 1160 2537 subre-

143 2584 217 2646 pet,
237 2579 273 2632 cf.
287 2580 384 2632 similes
396 2581 460 2633 alius
475 2584 617 2637 locutiones
631 2599 672 2652 sp.
685 2584 814 2636 Rneuur.
829 2583 861 2635 nd
877 2582 965 2635 lnveu.
980 2582 1028 2649 IX,
1042 2587 1101 2637 ltu.
1114 2584 1160 2636 ubi

141 2676 253 2747 obrepit.
271 2686 300 2733 et
315 2679 374 2733 side
386 2680 453 2734 inira
467 2682 490 2748 l,
505 2686 548 2740 10.
559 2687 649 2740 40.-
668 2685 699 2737 V.
709 2686 752 2736 tu
767 2698 852 2733 cauo
867 2668 991 2748 capiti,
1010 2687 1039 2733 ut
1055 2689 1161 2750 propter

140 2777 245 2830 codices
262 2781 361 2848 recepit
379 2780 587 2848 Licunnnsns,
614 2788 656 2835 est
680 2781 824 2844 ablativus,
850 2775 1066 2844 quemadmodum
1090 2779 1161 2846 apud

140 2878 507 2947 carmsnsvalll,124=
525 2882 643 2935 suscitat
657 2900 675 2934 a
689 2899 757 2935 cuno
771 2875 917 2932 volturium
933 2872 1023 2944 capiri.
1061 2873 1161 2927 Tamen

140 2977 190 3030 iam
207 2979 241 3030 ab
259 2980 317 3031 aliis
335 2978 474 3034 iudicatum
493 2987 535 3034 est
561 2979 627 3034 banc
649 2979 758 3034 sormam
781 2978 891 3032 alienam
909 2975 991 3029 videri
1009 2988 1025 3024 a
1043 2985 1161 3024 sermone

140 3074 246 3137 Tibulli,
264 3078 309 3143 qui
326 3078 391 3130 aliss
409 3080 497 3148 capite
515 3077 608 3144 lubet,
626 3080 662 3144 ll,
682 3085 706 3146 l,
724 3084 750 3131 Β.
789 3079 910 3132 Ceterum
928 3072 1018 3129 confer
1035 3071 1068 3125 ad
1087 3073 1161 3124 lucu-

140 3177 237 3227 tionem
261 3177 366 3234 Purus.
386 3178 495 3233 Mercet.
514 3178 553 3244 ll,
572 3181 599 3243 2,
618 3182 670 3231 ³4:
696 3188 747 3229 tun
766 3175 854 3245 capite
874 3192 942 3226 enno
959 3168 1058 3224 amns?
1092 3169 1160 3223 illud

140 3277 210 3329 euim
228 3277 284 3344 ipse
300 3278 381 3343 vides,
398 3295 450 3332 nnn
468 3295 527 3333 esse
545 3277 630 3348 capiti
648 3279 771 3332 dativum.
807 3277 884 3330 Licet
901 3276 968 3329 enim
987 3288 1033 3341 per
1046 3286 1076 3323 se
1088 3273 1160 3322 recte

140 3375 243 3430 dicatur
260 3376 396 3430 blanditias
414 3380 501 3432 dicere
519 3394 585 3432 canc
603 3379 682 3447 cupiti
701 3379 747 3440 sic,
765 3382 795 3429 nt
811 3377 990 3428 hornus-rus
1009 3370 1099 3436 11‚1e,
1120 3372 1161 3421 18.

141 3472 221 3527 dixit:
248 3472 343 3526 oscula
365 3475 439 3544 serre
459 3494 543 3528 conce
561 3493 663 3533 comae,
689 3483 775 3529 tamen
792 3488 860 3527 nune
878 3470 911 3523 de
928 3485 958 3523 se
981 3467 1095 3535 loquitur
1112 3466 1160 3519 Ti-

142 3571 226 3627 bullus
245 3575 328 3642 (nunc
345 3577 478 3630 tractanda
497 3579 594 3644 Venus,
611 3579 657 3643 ait,
675 3554 859 3641 ubi'irangerc
882 3576 971 3639 postes
988 3585 1039 3622 non
1057 3567 1160 3637 pudet),

143 3678 171 3722 et
196 3673 266 3739 loqui
291 3673 390 3747 debetz
414 3678 516 3744 puellae
540 3691 602 3729 rere
620 3680 781 3727 senectutem
801 3671 911 3724 futuram
931 3669 1017 3738 potius
1035 3668 1161 3721 indirecte

141 3768 287 3834 dguibcnre
299 3774 363 3827 satis
378 3772 509 3826 lrabet-
524 3775 555 3829 V.
568 3778 610 3827 73.
625 3774 789 3840 lrsngcre
804 3775 933 3839 postes.
958 3771 1027 3825 Sunt
1038 3768 1162 3834 irruptio-

141 3883 188 3921 nes
203 3876 345 3925 uoctnruae
362 3881 524 3941 amatorum,
541 3877 585 3943 qui
603 3891 654 3927 nen
670 3873 775 3926 admissi
792 3870 918 3924 interdum
934 3870 958 3921 vi
975 3867 1024 3921 sibi
1043 3866 1110 3917 vinm
1127 3861 1160 3912 ad

141 3969 242 4037 puellus
255 3969 391 4026 faciebant.
429 3976 485 4028 Res
497 3992 577 4045 saepe
590 3981 748 4031 memoratur
762 3975 789 4026 in
804 3970 903 4038 elegiis.
915 3995 948 4008 -
963 3968 996 4021 V.
1006 3968 1050 4018 ts.
1065 3963 1161 4017 riuus

139 4072 348 4129 inseruisse.
392 4074 442 4128 Est
460 4076 574 4128 inserere
593 4078 688 4148 passim
706 4091 744 4147 pr.
764 4074 868 4138 inferre,
885 4068 1038 4134 immiscere,
1055 4066 1162 4129 dictum,

138 4170 208 4238 qnod
228 4172 293 4228 sidit
313 4176 564 4244 Wuunsnnrcurus,
582 4177 628 4233 sed
647 4192 698 4232 nun
717 4173 843 4247 explicuit
860 4169 1014 4226 accuratius.
1050 4167 1096 4222 Sic
1114 4181 1161 4222 su-
