3009 4725
490 393 601 461 utun.
623 395 648 460 1.
690 355 814 463 ruet.
835 397 879 459 x.
1132 410 1193 472 193

170 584 278 656 querela
296 583 405 649 regnet,
425 577 452 631 iu
469 576 583 632 medio
601 577 751 633 cermiue
769 579 885 649 preettio
902 577 1010 637 Larium
1028 582 1063 637 sit
1080 599 1129 655 pro
1147 601 1191 642 re·

170 685 241 750 dtu,
258 683 285 736 iu
302 678 402 734 exitu
422 676 535 745 deulque
553 677 626 746 pncls
644 677 787 748 descriptio
804 680 891 733 suevis
908 678 1043 750 lssbeetur,
1060 685 1094 738 ed
1113 702 1190 754 quem

171 783 264 839 reuerti
282 780 364 849 cupit.
402 779 464 835 Quo
483 777 576 832 ordine
592 779 620 831 et
637 793 779 848 progressu
798 795 885 836 rerum
902 781 965 850 quid
982 786 1091 855 uptiusi
1119 787 1191 846 Quid

169 885 237 940 ssim
260 882 345 951 megin
369 884 572 935 &munuum
596 894 675 947 quum
699 883 825 948 querelae
850 882 992 938 suecedere
1017 887 1191 955 preceticuesn

167 999 217 1055 pso
239 982 341 1048 reditu,
369 980 535 1048 requlescere
560 985 649 1033 eutem
673 978 787 1034 euimum
805 986 937 1049 postremo
954 982 982 1035 iu
999 985 1072 1052 pects
1090 987 1192 1054 cogita.
1282 1055 1286 1060 ἢ

167 1085 239 1137 tione
264 1088 294 1136 et
317 1080 461 1145 bonorum,
489 1092 558 1146 quse
583 1076 706 1130 reducem
730 1077 834 1132 ebelio
851 1084 881 1132 ut
899 1083 1066 1148 exspectent,
1092 1085 1191 1152 optet?

169 1180 230 1235 Nou
255 1184 343 1249 potest
365 1178 429 1245 tingi
453 1173 586 1246 pulchrior
608 1189 696 1227 rerum
719 1175 814 1229 uuites.
850 1175 904 1230 Sed
922 1174 1002 1231 hebet
1017 1176 1068 1234 hoc
1085 1199 1188 1238 esrsueu

171 1279 250 1333 etium
269 1277 335 1331 eiius
352 1275 537 1330 memorabiles
552 1274 663 1329 virtutes
679 1275 849 1329 tractationis.
884 1275 935 1329 Est
951 1289 1130 1346 argumentum
1147 1293 1192 1339 tc-

168 1385 224 1433 tum
240 1378 317 1433 simul
331 1378 368 1430 ita
386 1375 560 1442 udoruutuus¹
574 1381 606 1428 ut
623 1375 810 1446 compositione
828 1376 1006 1445 oppositurum
1024 1394 1109 1433 rerum
1126 1398 1191 1435 con·

167 1482 229 1530 stet.
265 1475 392 1534 Queritur
408 1480 488 1545 poete
504 1474 532 1527 iu
550 1472 669 1539 exordio,
687 1477 717 1525 nt
734 1473 901 1540 uurrsvimus,
917 1474 1046 1530 interiisse
1063 1479 1189 1547 simpliei-

169 1582 251 1630 tutem
269 1581 298 1629 et
313 1577 478 1630 securitatem
496 1575 599 1645 prisone
615 1574 710 1628 eetstls
734 1574 799 1626 ultio
822 1575 879 1627 auri
899 1574 1002 1644 diritis3
1028 1577 1088 1632 vide
1110 1581 1192 1647 igitur

170 1690 248 1744 quem
271 1677 385 1730 suaviter
404 1691 466 1730 mox
490 1677 559 1729 iuter
572 1690 673 1745 ‘preces
690 1674 724 1728 ed
740 1673 825 1728 Lures
841 1671 916 1728 huius
933 1675 1105 1745 simplicitatis
1121 1684 1192 1736 enti-

171 1789 240 1843 quee
267 1774 356 1841 imugo
381 1772 488 1828 redente
514 1779 585 1827 naut
601 1788 717 1843 paupere
741 1773 814 1827 cultu
831 1774 857 1826 in
875 1774 942 1827 atrio
958 1774 1055 1831 'tibulli
1073 1785 1104 1832 ut
1120 1782 1192 1848 olins,

171 1880 201 1928 et
216 1873 310 1942 qulbus
327 1874 390 1928 oiim
413 1873 529 1928 contenti
545 1879 621 1927 mant
642 1873 740 1940 meris,
766 1871 807 1927 his
832 1874 912 1927 etism
934 1875 961 1928 iu
986 1885 1118 1945 posterum
1144 1898 1191 1938 eos

169 1982 259 2043 speret
283 1973 341 2028 iore
365 1979 510 2029 contentos.
544 1973 600 2027 Sed
619 1987 672 2026 nou
690 1974 774 2026 miuus
793 1978 914 2042 superest
930 1973 1070 2031 similitudo
1088 1980 1190 2047 priscus

169 2073 342 2143 simplicitatis
363 2078 393 2127 et
414 2072 546 2126 telidtetis
570 2072 675 2125 omuino
692 2072 721 2125 iu
737 2071 858 2125 universe
874 2072 926 2124 nita
943 2073 1190 2148 missionem,

168 2175 196 2228 lu
213 2173 318 2228 rusticis
340 2173 472 2239 moribus,
498 2172 588 2239 testis,
614 2171 806 2241 voluptutibns'r
835 2171 1025 2226 Petertsmilius
1048 2175 1105 2243 lpse
1128 2192 1191 2232 oves

169 2286 231 2326 snus
256 2278 373 2326 scetem
398 2278 427 2326 et
450 2271 519 2325 ttius
544 2285 645 2339 sguos,
672 2284 742 2322 uxor
766 2285 831 2323 rere
855 2269 926 2325 tesso
951 2271 1072 2328 buturum
1098 2283 1190 2343 peret3

170 2373 249 2427 etism
273 2373 340 2427 teste
364 2373 464 2427 rustice
487 2387 547 2427 cum
572 2370 738 2442 simplicitate
757 2372 889 2428 licentium
906 2372 1043 2431 hilaritatis
1059 2378 1191 2446 entiquem

171 2477 293 2535 servent,
318 2472 456 2536 onlestque
473 2470 615 2524 certemus
632 2471 742 2525 Veuerls
766 2473 865 2539 egresti
881 2477 1039 2542 petulentia.
1075 2477 1121 2532 Sic
1144 2493 1193 2548 per

171 2572 256 2622 totum
273 2583 377 2621 oermesa
399 2568 458 2621 eliis
481 2575 561 2636 etque
584 2571 643 2624 silis
665 2572 798 2626 coloribus
815 2571 927 2627 solicitus
943 2576 1106 2645 simplicioris
1123 2581 1193 2633 sitne

170 2666 329 2737 depingitur.
364 2667 492 2722 Similiter
515 2683 578 2723 sero
603 2670 664 2724 belli
683 2671 823 2725 dmmmtlo
841 2684 893 2723 non
917 2673 1001 2725 solum
1018 2675 1046 2725 iu
1063 2678 1192 2746 principio

169 2772 226 2835 est,
254 2756 310 2822 sed
325 2768 454 2838 repetitur
477 2768 620 2823 identidem
646 2772 726 2825 etism
747 2771 776 2823 ia
800 2769 977 2837 sequentibus.
1013 2769 1094 2824 Vides
1111 2774 1193 2839 lgitsu

169 2866 233 2936 quid
256 2867 355 2922 dicum
381 2872 475 2936 regunt
499 2883 549 2937 per
571 2882 662 2921 omues
686 2873 775 2937 perles
798 2866 1068 2936 cermiuisoppositio
1085 2867 1148 2922 belli
1164 2879 1193 2925 et

168 2969 283 3023 ruetioee
300 2971 370 3023 eitse
393 2968 532 3033 felicioris,
560 2975 589 3023 et
606 2970 711 3023 exsistit
728 2984 825 3037 seugue
842 2973 870 3021 et
888 2966 985 3022 eximie
1007 2967 1047 3020 ris
1064 2962 1113 3019 hec
1130 2982 1193 3036 per-

170 3076 251 3141 petua
268 3069 435 3140 opposltioue
452 3085 468 3122 e
486 3068 616 3141 prindpio
632 3069 667 3122 ed
683 3070 763 3123 mom
779 3069 914 3135 redeunte,
930 3066 1147 3136 quemedmodum
1165 3069 1192 3121 lu

171 3168 335 3223 euteoe'deuti
358 3168 473 3222 csrmiue
498 3168 584 3221 simile
607 3183 692 3236 geuus
718 3168 879 3222 trumtiouis
905 3166 1026 3221 vidimus.
1071 3165 1127 3220 Sed
1151 3164 1194 3222 hic

171 3268 274 3323 secedit
289 3270 341 3322 slis
357 3269 402 3323 lex
417 3268 628 3337 compositionis,
644 3284 723 3336 quem
743 3267 966 3336 interpositionem
987 3265 1107 3334 appello;
1133 3281 1193 3320 narn

170 3368 296 3423 dividitur
309 3369 406 3436 utique
422 3368 548 3423 alterutro
563 3367 743 3436 opportunum
760 3381 847 3418 rerum
865 3366 892 3417 iu
909 3364 976 3416 duos
993 3365 1081 3429 loeos,
1097 3364 1193 3431 quibus

169 3468 345 3538 interponitur
361 3467 452 3523 elters.
488 3467 575 3532 Atque
595 3463 777 3518 exordium
794 3463 896 3517 orditur
910 3479 930 3515 e
942 3462 1116 3516 deteststioue
1132 3463 1194 3517 belli

171 3572 199 3617 et
215 3568 284 3621 redit
300 3567 335 3620 ed
353 3582 427 3635 eum,
450 3566 606 3636 interpositu
623 3580 686 3619 vero
702 3570 743 3620 est
760 3566 817 3618 leus
833 3564 1006 3633 simplicitatis
1023 3570 1051 3618 et
1067 3566 1195 3619 securite-

172 3663 331 3732 tispriscee.
366 3667 551 3722 meruistis
570 3665 694 3733 mordis,
713 3671 744 3719 ut
762 3665 1007 3735 potestquerels.
1043 3664 1194 3718 Medium

172 3772 310 3814 oerneu
334 3765 490 3832 explicitius
514 3772 628 3821 trecure
651 3766 732 3821 debet
756 3764 846 3819 umbus
863 3778 922 3829 ses,
947 3771 978 3818 ut
993 3763 1091 3829 ubique
1108 3760 1196 3815 medic

173 3859 281 3912 cumini
304 3860 426 3918 risertiur
451 3867 592 3936 explicetio
615 3868 762 3936 tegumenti
788 3864 911 3936 proprie3
937 3868 966 3917 et
994 3861 1044 3916 hoc
1070 3876 1139 3914 nuuc
1163 3862 1195 3915 stt

173 3956 235 4010 den
261 3958 416 4012 inremotus
441 3962 535 4018 lares.
579 3964 635 4019 Sed
661 3967 692 4019 tit
718 3966 822 4021 inremo
841 3963 957 4028 ordisse,
986 3958 1197 4029 queudoquidem

172 4068 241 4109 nuuc
259 4056 372 4111 teleos
396 4066 424 4112 et
440 4062 594 4130 simplicitas
610 4067 707 4120 sustiou
725 4069 810 4136 primo
838 4072 866 4119 et
890 4066 967 4119 tertio
992 4063 1051 4115 loco
1076 4059 1198 4114 laudetur

174 4154 212 4222 (r.
222 4158 319 4213 itte.
337 4162 368 4210 et
381 4172 407 4211 v.
417 4160 530 4229 ⁸044),
546 4163 719 4234 interponitur
731 4165 946 4240 tetodeteslutio
960 4164 1022 4218 belli
1037 4160 1076 4231 (t.
1086 4161 1197 4231 ΜΒ).

876 4271 915 4329 13
