3009 4725
502 329 612 392 Lrssu.
637 331 660 391 i.
703 329 824 394 ELEG.
847 333 887 394 ΙΙ.
1160 343 1199 398 39

174 506 302 574 ampliore
319 502 447 557 cententio
465 501 497 554 nd
517 500 617 554 initium
636 516 660 553 r.
681 505 722 553 lo.
760 502 799 553 ibi
817 501 899 555 dixit:
924 502 1006 556 fortes
1024 503 1129 556 adiuvet
1145 505 1199 557 Ve-

175 620 241 667 nue3
267 619 333 656 nunc
357 603 401 668 qui
427 616 480 653 non
506 602 602 652 inertes
627 613 674 651 nec
697 599 780 652 timidi
799 600 865 666 sint,
891 601 938 653 iror
956 602 992 654 nit
1010 602 1043 654 nb
1061 617 1093 656 ee
1111 601 1200 656 doceri

174 706 281 757 furtivae
298 709 377 756 artes.
417 703 504 766 Atque
523 701 558 752 ito
582 703 649 751 viem
671 700 720 752 ribi
741 699 774 751 nd
798 701 931 767 requentid
949 701 1047 766 munit,
1072 706 1101 752 ut
1120 702 1197 754 etium

174 807 238 858 niier
263 820 310 873 per
328 801 511 870 repetitionem
530 801 674 852 sententiae
694 799 726 851 nd
752 800 803 851 niie
824 801 931 865 transit,
959 800 992 852 ci.
1017 799 1049 853 ud
1068 800 1090 863 I,
1108 806 1135 865 d,
1151 806 1196 855 ut.

175 909 218 967 1⁰,
228 906 274 954 49.
294 906 322 954 ct
335 914 403 965 quae
417 900 443 950 in
456 898 646 950 Dissertatione
665 896 698 949 dc
711 897 867 950 Eiocutiorre
879 898 976 949 Tibniii
994 898 1063 951 dictu
1078 904 1146 951 runt
1159 927 1196 941 ·-

176 1005 209 1055 V.
226 1007 272 1054 25.
309 1002 355 1052 En
376 1016 447 1066 ego.
483 1000 550 1052 Eiici
578 1014 666 1052 versun
691 999 762 1050 nuiio
785 997 862 1049 modo
881 1003 983 1065 potest,
1007 1005 1040 1077 ut
1052 1001 1195 1052 Sotnrnnrt

177 1101 239 1152 oiim
256 1099 320 1151 iecit
339 1104 367 1150 et
385 1098 519 1163 suffragati
537 1102 595 1147 runt
615 1095 670 1159 ciii,
690 1109 748 1146 curn
768 1094 867 1147 initium
885 1098 1015 1149 continent
1032 1096 1195 1150 demourtrn-

176 1198 268 1260 tionis,
293 1211 360 1263 queo
383 1196 507 1261 requitur.
547 1193 672 1258 Sequitur
690 1192 757 1243 enim
776 1191 826 1244 inm
844 1190 901 1243 clia
918 1210 986 1262 pare
1003 1212 1106 1251 rerum,
1132 1210 1195 1249 cou-

174 1297 279 1348 tirrnunr
293 1311 355 1349 vero
373 1294 463 1348 endem
480 1293 557 1346 simui
572 1290 760 1345 antecedentia.
797 1295 834 1344 Ac
852 1308 934 1345 nexus
951 1292 992 1347 iric
1004 1309 1063 1346 erre
1079 1294 1195 1347 videtur:

175 1395 242 1449 Nem
259 1397 355 1448 iritum
372 1394 492 1462 quidem,
510 1393 607 1460 inquit,
626 1391 761 1445 manifesto
780 1392 849 1445 fovet
867 1393 930 1460 den,
948 1402 977 1446 ut
997 1409 1056 1447 meo
1074 1395 1194 1462 erempio

176 1500 263 1562 pntet3
285 1510 317 1546 eu
341 1509 392 1547 non
415 1490 538 1562 pericula
557 1506 600 1543 me
617 1495 741 1556 tangunt,
770 1505 820 1541 non
832 1489 950 1562 frigoris
968 1500 995 1541 er
1013 1489 1136 1543 imbrium
1153 1491 1195 1543 vie
1284 1505 1296 1526 ι

176 1591 238 1645 miiri
254 1599 345 1657 nocet,
366 1594 426 1659 qnia
443 1600 582 1658 utrumqne
600 1597 737 1644 contemno
757 1600 783 1642 et
801 1605 885 1657 neque
905 1590 1015 1642 timidas
1034 1607 1091 1644 rum
1109 1606 1192 1659 neque

174 1690 255 1746 inere.
291 1694 379 1747 Quare
396 1707 453 1744 cnm
471 1699 525 1744 turn
542 1698 634 1759 operte
652 1688 786 1742 nudnciem
803 1695 829 1740 et
846 1695 979 1742 strenuum
994 1691 1106 1742 animum
1123 1700 1193 1745 umet

175 1793 242 1857 deo,
266 1793 343 1844 etiem
366 1797 435 1844 ortes
458 1792 563 1844 inrtircs
588 1792 697 1855 talibus,
724 1789 817 1855 credo,
841 1804 892 1841 nou
910 1790 968 1841 uiiic
987 1789 1065 1842 trudit
1082 1792 1192 1842 umenti-

176 1891 233 1944 bur.
251 1917 283 1931 -
305 1891 436 1943 anxius.
472 1891 550 1945 Nuiin
568 1891 610 1945 iric
630 1893 809 1960 repugnantia.
845 1893 938 1944 Potest
957 1891 1013 1944 rinc
1033 1893 1126 1944 timore
1144 1909 1192 1960 pe·

174 1993 312 2044 ricuiorum
331 1998 512 2044 nocturnorum
530 1994 635 2058 tuguri,
663 2007 739 2058 quem
765 1992 859 2043 amoris
881 2005 960 2044 curae
982 1992 1120 2043 roiiicitum
1145 1990 1191 2042 iru-

175 2090 244 2146 bent.
264 2115 297 2130 -
330 2090 502 2154 tenebris,
526 2090 584 2141 rinc
602 2090 809 2157 praepositione,
836 2088 987 2152 minimi,
1005 2092 1093 2154 6,51.
1112 2095 1139 2140 et
1158 2089 1191 2154 ii,

175 2194 201 2253 1,
218 2195 261 2243 76.
287 2190 330 2242 uiri
353 2191 441 2258 piures
459 2192 531 2243 iocor
550 2190 794 2242 Wuuoencrcnrus
817 2190 923 2241 noterit
965 2189 1038 2242 iiiios
1056 2188 1192 2240 nonnuiior

173 2299 307 2360 praeterea
325 2291 365 2344 hic
383 2293 498 2345 Vossius
523 2291 609 2344 effert.
630 2316 662 2330 -
687 2292 856 2343 Pentumeter
873 2290 917 2356 qui
936 2291 1033 2343 excidit
1050 2289 1117 2341 iruuc
1136 2288 1191 2342 iero

173 2410 277 2447 murum
296 2394 420 2446 imbcbet:
438 2394 485 2447 iiie
504 2400 646 2462 protegens
664 2395 778 2461 periente
796 2384 990 2462 omnio’procui
1008 2400 1087 2447 ercet.
1123 2393 1190 2446 Num

175 2492 209 2543 de
228 2491 347 2557 pericuiie
365 2492 450 2555 egitur
473 2492 530 2543 vine
554 2498 695 2544 nocturnae
719 2509 734 2543 e
758 2507 782 2543 r.
799 2497 923 2556 uduo,
947 2495 1094 2560 explicante
1113 2503 1191 2562 poete

173 2592 284 2662 primum
302 2596 490 2663 pentametrum
506 2590 607 2644 distichi
626 2592 855 2644 antecedentis.-
873 2592 905 2643 V.
915 2594 950 2642 21
961 2608 1001 2657 eq.
1018 2593 1044 2644 Ν
1050 2609 1087 2645 ec
1105 2594 1191 2645 sinit

172 2697 337 2746 occurret
355 2692 548 2758 quisquam,
566 2690 592 2745 h.
611 2708 634 2745 e.
653 2693 753 2744 obviam
773 2693 818 2743 tint
836 2690 966 2759 pugnandi
982 2706 1067 2744 caure.
1104 2693 1191 2746 Wun-

172 2810 341 2848 neutrorum
362 2794 451 2847 iaudat
468 2794 593 2847 Eunusr.
611 2792 645 2845 ud
663 2793 749 2846 Tacit.
768 2793 837 2844 Hirt.
856 2791 903 2856 lii,
928 2795 969 2843 16.
988 2791 1083 2842 Gmeci
1101 2791 1191 2846 dicunt

172 2890 313 2957 anecdot,
341 2890 532 2959 σιινὰντισθαιι
558 2901 588 2946 ut
606 2895 689 2947 Prnu.
709 2895 752 2947 Oi.
771 2894 806 2959 li,
824 2897 883 2958 96„
913 2886 1038 2975 ἅντιάζιιν
1056 2895 1084 2942 et
1100 2883 1191 2942 ‹in-adv

173 3000 202 3046 ut
219 2992 297 3061 Pyth.
315 2994 386 3058 vili,
406 2997 449 3045 lo.
467 2993 543 3045 Nem.
563 2993 584 3058 i,
602 2998 646 3045 68.
666 3002 692 3046 et
711 2994 823 3048 Horren.
842 3009 930 3062 saepe.
945 3020 980 3032 -
1007 2990 1101 3043 t‘erro
1119 2992 1191 3042 rui-

173 3103 279 3147 neret
315 3096 368 3150 Qui
388 3096 520 3158 vulneret,
538 3096 590 3159 cit,
612 3100 657 3146 aut
675 3095 801 3163 deripiat,
825 3094 892 3146 unde
910 3093 981 3146 vider
993 3091 1074 3162 ferro
1091 3089 1124 3142 ed
1143 3105 1192 3160 op-

172 3192 307 3261 positionis
332 3193 383 3245 rim
408 3193 545 3246 iuvandum
570 3194 686 3247 additum
711 3211 784 3259 esse,
812 3203 842 3247 ut
866 3196 889 3261 1,
912 3199 939 3260 4,
958 3197 1007 3246 tu:
1033 3190 1122 3242 arenti
1144 3187 1194 3241 citi

172 3303 273 3344 torrere
291 3292 386 3346 dictum
402 3310 461 3347 oum
481 3300 627 3363 opponetur
645 3296 742 3359 imber,
767 3303 795 3347 et
811 3295 833 3359 i,
851 3300 876 3361 9,
896 3297 945 3347 49ι
970 3290 1066 3360 rapida
1077 3292 1194 3360 flamma

171 3398 277 3442 correct
302 3392 469 3456 sequentibus
487 3393 587 3445 verbisc
616 3392 722 3462 liquida
741 3391 829 3442 delent
848 3391 934 3441 niuniu
952 3408 1034 3462 aquo.
1069 3390 1117 3444 Sio
1140 3391 1193 3445 So-

172 3504 268 3540 errocr..
287 3486 399 3541 Phiioct
413 3493 481 3543 59³:
499 3485 515 3559 ἢ
533 3486 600 3557 λόγῳ
618 3496 751 3547 πιέσαντες
771 3487 838 3545 dicar
857 3483 874 3557 ἢ
892 3484 957 3558 πρός
978 3486 1066 3554 ἰσχύος
1087 3485 1191 3560 κράτος.

172 3585 287 3639 Similem
306 3603 410 3640 oenum
429 3588 506 3643 hebet
525 3592 597 3644 iocus
617 3592 657 3643 Δί.
677 3594 728 3643 62:
747 3585 809 3646 eoric
828 3588 926 3646 ζῶντας
944 3575 980 3642 αὖ
997 3592 1114 3652 δεσμοῖσι
1131 3609 1191 3643 συι-

172 3676 254 3748 δὴσιις
271 3687 348 3747 βοῶν.
387 3685 462 3738 Adde
488 3687 557 3741 dictu
575 3706 590 3741 n
609 3690 684 3741 uobis
702 3688 735 3740 nd
752 3690 835 3741 Prnu.
860 3689 903 3741 Oi.
921 3689 968 3756 XI,
986 3696 1030 3744 do.
1059 3697 1086 3743 et
1103 3690 1193 3742 lotium.

170 3779 194 3845 i,
211 3782 256 3833 tt.
292 3784 417 3839 Ceterum
436 3792 537 3838 couetnt
562 3785 595 3838 de
621 3788 753 3838 nocturnis
772 3786 869 3838 insidiis
887 3788 1045 3853 praedonum
1064 3793 1090 3838 et
1110 3785 1195 3852 peroi-

170 3893 270 3931 morum
290 3879 421 3935 hominnm
440 3885 465 3935 in
483 3885 531 3936 viis
550 3885 629 3949 uriric,
647 3892 677 3936 ut
694 3885 801 3939 Honrr.
814 3886 869 3938 Set.
885 3885 906 3948 1,
919 3889 947 3947 2,
964 3888 1006 3936 42.
1043 3885 1195 3948 Pergamus.

170 3975 226 4028 lem
245 3979 313 4031 enirn
332 3984 505 4037 ruinerctioni
529 3986 639 4054 opponit
663 3992 774 4054 coptum.
811 3984 861 4038 Eri
886 4000 948 4036 vero
973 3988 1071 4051 rupto
1098 3996 1195 4049 prce·

169 4080 233 4132 mio
260 4088 359 4133 verte
383 4091 482 4152 petet
509 4101 548 4154 pr.
567 4086 666 4140 lucrum
690 4094 764 4156 petnt
783 4094 859 4156 coptu
878 4087 973 4151 vertit,
998 4100 1074 4151 quum
1093 4084 1196 4137 vendet.
