3009 4725
302 427 336 466 Vl

304 601 376 644 rum
389 580 557 662 elegiarum
572 597 646 642 vers
659 575 782 659 poetica
797 567 946 642 dubitari.
990 575 1239 662 Explicationem
1254 599 1329 646 uero

306 721 392 807 (prod
414 721 540 799 attiaet,
563 722 656 786 talem
678 716 755 782 dara
772 718 877 796 volui,
897 718 954 782 ubi
971 715 1093 782 adesset
1112 717 1198 802 quod
1222 719 1263 783 ad
1282 722 1332 783 in-

305 865 508 950 redigendam
530 876 656 947 poetam
677 883 736 945 per
756 882 789 925 se
808 860 1017 924 neceesarium
1031 858 1210 943 videretur3
1232 884 1330 948 quare

303 1009 347 1072 ita
376 1006 529 1073 adornari
558 999 814 1078 commentarios,
843 1012 881 1063 ut
908 1012 941 1066 et
964 1001 1103 1085 partium
1131 1024 1167 1068 ac
1187 1004 1332 1068 locorum

305 1148 462 1214 malorum
483 1140 742 1225 compositionem
765 1159 948 1227 nexumque
977 1143 1184 1227 explicarem,
1209 1157 1241 1210 et
1267 1144 1332 1210 sin·

308 1293 454 1369 galerum
479 1286 666 1365 verbascum,
692 1284 904 1365 locutionum,
924 1287 1149 1352 sententiarum
1170 1289 1333 1370 rationem,

306 1451 381 1495 usus
413 1442 550 1500 ceterum
572 1429 847 1496 observationibus
873 1433 1017 1516 priorum
1041 1435 1248 1519 interpretum
1276 1436 1333 1500 ubi

305 1585 464 1655 pataram,
486 1583 518 1637 at
536 1574 652 1638 horum
678 1574 808 1639 numina
830 1572 944 1653 duas,
969 1577 1027 1640 ubi
1047 1577 1200 1642 offerrent
1218 1576 1334 1662 quibas

306 1737 397 1801 opus.
437 1715 517 1782 Dixi
537 1739 614 1785 vero
634 1721 755 1806 ubique
785 1733 841 1786 aut
868 1720 972 1786 dicare
999 1723 1089 1790 colai
1119 1745 1201 1808 quaa
1226 1743 1334 1788 neces·

308 1864 408 1946 saria3
430 1885 696 1949 supervacaneam
720 1864 896 1931 doctrinam
918 1867 1020 1930 omisi.
1069 1867 1175 1950 Atque
1194 1869 1273 1932 haec
1296 1864 1335 1929 da

305 2006 533 2090 Explicatione.
578 2006 643 2073 Sed
660 2029 732 2074 cum
748 2012 801 2073 rel
820 2009 865 2074 alc
881 2009 975 2072 etiam
990 2007 1129 2087 diligam
1144 2005 1249 2068 studio
1261 2025 1334 2089 per-

308 2148 409 2212 multa
437 2169 503 2211 nou
531 2150 623 2212 liceat
653 2145 791 2230 assequi,
823 2146 885 2208 nisi
912 2148 1006 2209 simul
1035 2145 1215 2210 universam
1235 2158 1333 2210 artem

309 2289 469 2374 scripturis
489 2286 626 2372 penitius
655 2289 817 2371 exploras,
849 2286 1113 2374 quemadmodum
1144 2290 1178 2353 ln
1204 2290 1334 2356 Pindari

307 2427 443 2507 aditione
471 2447 541 2492 mea
570 2402 815 2511 disputationem
844 2425 885 2491 de
916 2430 1037 2493 ratium
1058 2432 1180 2513 poetica
1198 2434 1332 2503 istorum

307 2573 480 2639 carminum
502 2571 611 2653 posui,
632 2571 776 2637 simfliter
796 2592 880 2638 nunc
893 2572 1093 2638 Tibullianae
1114 2594 1246 2657 poeseos
1268 2577 1332 2642 uim

307 2731 338 2781 et
362 2730 461 2781 artam
480 2715 654 2783 accuratius
675 2718 856 2783 examinavi
880 2729 912 2781 et
932 2716 1090 2802 explicare
1111 2717 1228 2785 aulai.
1267 2719 1333 2782 lla·

305 2860 360 2921 bet
380 2870 443 2922 tres
463 2869 567 2942 partas
588 2860 665 2925 laaac
677 2855 872 2943 disquisitio:
892 2854 960 2920 dixi
982 2859 1066 2923 enim
1088 2858 1129 2923 ds
1151 2874 1334 2943 argumento

310 3024 441 3089 poeseos
469 3004 684 3083 Tibadlianae,
715 2999 753 3064 da
779 2997 882 3064 lorma
912 3012 943 3063 et
966 3001 1191 3085 compositione
1220 3004 1333 3067 haraunr

307 3153 491 3233 elegiarum,
520 3161 550 3211 el
580 3145 619 3212 de
648 3146 825 3210 elocutione
845 3144 977 3208 Tibulli.
1027 3145 1237 3210 Proficiscitur
1262 3147 1333 3230 qui-

308 3293 379 3357 dem
411 3290 549 3355 sardium
573 3292 763 3375 scriptorum
786 3314 806 3355 a
827 3291 958 3372 singulis
988 3292 1065 3356 locis
1087 3293 1249 3371 atrebas,
1280 3291 1334 3356 sed
1411 3320 1419 3331 ·

307 3454 373 3500 non
395 3432 563 3498 subsistere
594 3433 687 3501 debet
711 3438 746 3501 in
768 3437 820 3516 lis,
848 3434 1041 3521 pergendum
1070 3448 1117 3499 est
1141 3435 1234 3498 etiam
1264 3438 1334 3500 lon.

305 3580 374 3659 glus
395 3577 435 3640 ad
456 3596 654 3642 communem
673 3578 794 3641 iontem
809 3575 1003 3658 singulorum
1023 3575 1177 3642 dictorum
1193 3576 1335 3638 omnium

308 3717 555 3805 explorandum,
589 3721 645 3806 qul
677 3733 724 3782 ast
748 3722 783 3783 ln
807 3716 914 3783 indole
937 3733 968 3783 et
989 3732 1054 3783 arte
1076 3719 1235 3804 scriptoris
1256 3738 1332 3801 pro·

304 3863 391 3944 pria,
412 3865 439 3926 si
460 3865 585 3946 penitus
608 3883 793 3948 cognoscere
823 3887 895 3930 eum
924 3864 1041 3931 studes.
1093 3864 1174 3929 sant
1204 3864 1331 3948 quidem

304 4006 444 4073 difficiles
466 4010 526 4074 hae
551 4012 765 4095 quaestiones,
786 4025 822 4076 ut
841 4012 976 4094 gassdess
998 4012 1024 4076 si
1044 4029 1144 4096 prope
1173 4021 1226 4071 aut
1254 4025 1329 4087 pru-

304 4149 388 4212 ximc
408 4150 545 4232 attigeris
568 4158 746 4235 ueritatem,
776 4155 831 4219 sud
853 4158 910 4241 qul
939 4160 1032 4241 plane
1059 4154 1223 4236 defugiunt
1245 4153 1328 4213 lraauc
