3009 4725
596 402 779 470 TIBULLL
1114 430 1192 470 tuxv

252 579 337 641 Rure
362 575 443 638 levis
464 593 563 639 verno
584 572 678 636 flores
700 570 767 653 apis
787 570 900 651 ingerit
920 574 1026 648 alveo,

295 691 463 772 Compleat
485 699 520 750 ut
545 685 628 749 dulci
652 687 752 748 sedulo
776 685 869 748 melle
890 686 989 749 favos.
1087 703 1093 718 ¹

167 806 284 870 Videas
305 802 416 870 eadem
440 803 473 864 iu
497 800 564 863 aliis
589 799 698 864 formis
719 798 982 866 enuntiationum.
1024 797 1075 862 Sic
1096 804 1188 883 vulgo

166 922 258 982 etiam
289 919 382 994 alies,
422 914 479 975 ubi
510 914 711 975 continuatur
739 909 824 973 idam
855 912 1046 986 subiectum,
1085 923 1189 980 amant

167 1035 369 1112 interponere
390 1029 451 1104 dle,
479 1047 520 1088 ns
541 1027 689 1106 langueat
707 1025 827 1101 oratio,
860 1034 897 1088 nt
918 1025 950 1103 1,
973 1033 1010 1101 2,
1032 1030 1091 1088 58:

252 1144 303 1203 Tu
325 1154 430 1203 tamen
453 1139 608 1208 abstineas
632 1138 718 1204 aliis:
748 1158 823 1204 nam
845 1150 947 1220 setara
971 1151 1078 1203 cernet

300 1252 428 1324 Omnia:
458 1252 497 1317 de
519 1274 570 1316 me
594 1273 658 1316 uno
680 1252 793 1318 sentiet
816 1254 861 1315 ille
881 1251 978 1329 nihil,

170 1368 224 1431 ubi
242 1368 329 1440 ‚coni
350 1368 596 1436 annotationem.
637 1367 740 1449 Atque
762 1363 881 1430 addunt
902 1351 1032 1429 omnino
1056 1365 1090 1427 in
1112 1386 1188 1427 con·

169 1480 341 1543 tinuatione
374 1479 515 1544 eiusdem
549 1479 790 1546 constructionis
823 1478 967 1543 rectrudis
1000 1491 1055 1542 aut
1089 1478 1188 1541 tertiis

169 1596 314 1658 tneotbria
335 1617 422 1669 nune
441 1596 502 1658 hoc
524 1615 609 1657 nunc
629 1590 710 1656 illud
730 1589 771 1657 ad
792 1591 936 1657 alendum
958 1606 990 1655 et
1011 1590 1186 1674 augendum

170 1709 318 1786 vigorem.
361 1709 394 1785 l,
417 1714 453 1786 6,
473 1713 534 1770 ⁵7:

256 1819 330 1881 Non
352 1841 409 1900 ego
429 1833 461 1882 te
482 1831 614 1903 proptor
633 1839 730 1902 parco
755 1819 829 1897 riti,
856 1815 911 1882 sed
934 1830 986 1881 tua
1006 1830 1106 1881 mater

299 1933 354 1996 Me
374 1947 479 1998 rnoret
501 1946 593 2017 atque
614 1935 677 2000 irat
701 1955 794 1997 aurea
813 1933 908 1996 vincit
929 1954 1012 1997 nrm.

167 2052 200 2123 1,
222 2054 258 2126 6,
280 2050 339 2114 to:

254 2161 340 2224 Haec
364 2158 420 2223 ubi
440 2160 589 2224 Bellonae
611 2172 699 2226 motu
721 2172 768 2223 est
790 2159 920 2240 agitata,
948 2137 1005 2220 nec
1032 2176 1132 2218 aerem

295 2273 482 2350 Flammam,
510 2293 576 2337 non
598 2293 695 2338 umato
717 2273 849 2340 verbera
870 2282 951 2336 totta
971 2269 1069 2333 timot.

168 2397 201 2471 l,
223 2403 259 2475 9,
279 2399 341 2458 22:

252 2505 317 2571 Ure
336 2526 443 2571 meum
466 2505 572 2588 potius
592 2503 718 2569 &mma
739 2515 833 2587 caput
854 2515 885 2566 et
906 2516 977 2586 pete
999 2502 1084 2565 ferro

296 2617 421 2700 Corpus
442 2630 473 2681 et
493 2623 593 2683 imaro
614 2616 747 2682 verbera
771 2628 857 2696 terga
877 2637 957 2680 seca.

170 2734 218 2812 ll,
241 2737 277 2811 1,
300 2738 359 2795 68:

253 2832 323 2928 lose
345 2845 490 2927 interque
510 2860 618 2923 greges
638 2843 786 2924 interque
809 2847 950 2901 armenta
970 2834 1092 2915 Cupido

294 2956 397 3027 Natus
419 2969 449 3020 et
469 2957 620 3019 iridem
641 2951 756 3019 dicitur
779 2953 863 3016 inter
884 2966 992 3033 eqtttts

168 3071 216 3148 ll,
239 3076 274 3149 1,
296 3077 348 3133 81.
369 3076 428 3134 82:

251 3184 381 3265 Sancte,
414 3187 489 3255 reni
509 3183 643 3266 dapibus
664 3183 769 3259 festio,
796 3177 851 3245 aad
875 3197 958 3260 pone
979 3172 1104 3255 munao

294 3299 333 3361 Et
354 3299 466 3381 procul
486 3295 631 3361 ardentes
652 3295 725 3358 hine
746 3315 848 3377 precor
872 3286 952 3352 abde
972 3288 1065 3353 loces.

169 3410 203 3483 1,
226 3414 263 3487 6,
284 3415 341 3473 δῖε

255 3552 684 3571 -------
714 3539 779 3585 non
802 3537 896 3580 saeva
918 3530 1032 3579 recuso

294 3635 455 3715 Verbera,
483 3633 621 3701 detracto
642 3656 708 3698 non
728 3654 782 3711 ego
803 3630 905 3707 vincla
929 3627 1056 3710 pedum.

169 3748 224 3810 tabi
245 3749 330 3812 conf.
347 3749 592 3813 annotationem.
634 3748 717 3813 Hinc
739 3765 838 3829 porro
861 3743 936 3809 talia
951 3741 1092 3824 placent:
1117 3736 1141 3809 l,
1161 3738 1189 3808 5,

169 3861 220 3924 44.
262 3865 296 3942 1,
317 3870 355 3941 8,
378 3869 438 3927 62:

252 3974 339 4053 Quid
360 3988 494 4058 prosunt
516 3988 613 4052 artes,
638 3976 788 4037 miserum
809 3972 836 4035 si
857 3968 977 4052 spernit
998 3973 1153 4029 amantem

296 4090 336 4152 Et
358 4090 437 4170 sugit
462 4110 503 4151 ex
526 4092 595 4170 ipso
619 4109 705 4150 saeva
728 4087 824 4167 puello
843 4079 940 4146 toro?
