3009 4725
326 401 396 438 nutv
743 377 798 438 DE
821 376 939 444 POESl

329 548 471 631 promitti
496 551 556 612 hoe
582 545 687 628 potius
714 548 893 630 coniugium
915 554 955 613 ab
977 555 1133 635 Apolline.
1175 560 1261 622 Haec
1288 566 1351 627 ille.

329 668 426 727 Poeta
448 684 524 727 vero
546 664 578 724 in
601 664 689 725 exitu
710 665 845 729 affirmat
866 669 972 729 multis
994 669 1114 746 verbis,
1141 691 1174 733 se
1196 693 1261 735 non
1284 687 1348 737 tam

329 783 439 845 durant
466 781 580 843 habere
606 800 697 860 posse
719 779 873 850 Neaeram
895 796 932 845 ut
952 796 1060 864 neget,
1090 798 1121 848 et
1145 802 1292 869 precatur
1313 804 1348 853 ut

329 897 404 963 deus
435 897 468 958 in
499 895 610 958 melius
641 909 742 960 vertat
772 898 904 959 somnia.
955 897 1126 964 Videamus
1155 925 1239 966 nuuc
1270 904 1348 989 quid

328 1009 459 1074 indicari
486 1008 598 1074 debeat
620 1010 658 1074 de
684 1013 742 1074 hac
765 1012 1001 1095 compositione.
1050 1016 1106 1078 Est
1128 1018 1220 1082 unica
1241 1021 1347 1101 elegia,

329 1151 409 1212 quae
430 1142 494 1192 tres
517 1127 704 1210 principales
728 1142 833 1210 partes
861 1131 906 1192 sic
927 1131 994 1193 fere
1016 1129 1177 1197 distinctas
1197 1135 1292 1199 habet
1312 1151 1348 1199 ut

328 1257 411 1306 atnat
440 1243 603 1319 Tibullus,
634 1254 664 1303 et
696 1255 800 1304 tamen
832 1243 971 1324 singulae
1003 1266 1099 1329 quam
1128 1248 1347 1331 imperfectae!

327 1363 371 1422 Ac
388 1361 523 1440 primum
541 1355 669 1440 quidem
686 1356 865 1436 exordium,
886 1357 926 1421 ad
938 1361 1092 1437 maiorem
1110 1362 1347 1446 amplitudinem
1417 1439 1422 1447 .

328 1473 554 1554 compositum,
594 1469 685 1533 etiam
717 1482 852 1534 mutatae
880 1474 1051 1537 sententiae
1082 1474 1212 1557 figuram
1243 1480 1347 1554 habet,

328 1586 382 1649 sed
413 1588 471 1648 hac
500 1587 567 1667 ipsa
596 1588 675 1648 ntale
705 1587 814 1650 utitur.
865 1587 960 1652 Recte
989 1587 1112 1654 orditur
1140 1612 1159 1654 a
1185 1604 1279 1671 voto,
1312 1604 1349 1653 ut

329 1701 459 1762 meliora
490 1701 590 1762 lerant
618 1696 678 1775 dii,
712 1722 771 1762 nec
798 1701 878 1764 illud
905 1705 1037 1782 malum,
1075 1704 1163 1789 quod
1192 1719 1348 1771 crescente

328 1816 440 1880 affectu
463 1813 541 1878 adeo
563 1814 671 1876 inania
695 1814 768 1879 dicit
789 1819 895 1882 oannis
918 1820 1042 1882 somnia
1066 1832 1097 1881 et
1119 1819 1214 1884 fidem
1234 1823 1273 1885 iis
1294 1818 1349 1884 de·

328 1944 433 2010 negat,
457 1927 552 1992 modo
574 1926 686 1990 deinde
706 1950 740 1991 se
760 1945 936 1994 revocasset
957 1953 1031 1996 vere
1051 1935 1091 1996 ab
1114 1935 1174 1998 hac
1195 1935 1347 1996 sententia

328 2064 399 2106 cum
424 2039 541 2104 rediret
569 2040 607 2104 ad
636 2042 771 2105 initium.
822 2044 917 2108 Nunc
939 2046 1092 2108 relabitur
1113 2047 1240 2128 quidem
1262 2058 1345 2108 recte

327 2157 366 2219 ad
394 2170 468 2220 vota
493 2168 527 2217 ut
554 2158 659 2221 irritos
687 2158 778 2221 faciat
799 2158 920 2220 Lucina
944 2160 1004 2220 hos
1028 2160 1172 2236 timores,
1203 2156 1344 2221 sednon

327 2282 427 2333 mutat
454 2271 497 2334 sic
527 2284 560 2333 ut
586 2269 679 2333 debet
702 2272 792 2334 istam
820 2268 1020 2346 senteutiam,
1052 2290 1147 2351 qtram
1168 2272 1203 2332 iu
1222 2270 1345 2332 incerto

327 2386 485 2469 relinquit.
535 2384 586 2448 Sic
609 2387 725 2447 factum
753 2396 787 2445 ut
811 2402 876 2444 non
902 2383 1025 2445 sublata
1046 2383 1183 2449 vanitate
1204 2386 1345 2449 somnio·

326 2518 415 2576 rum,
445 2520 540 2583 quatu
564 2496 691 2560 nonnisi
716 2515 774 2577 per
796 2506 995 2558 momentum
1013 2494 1181 2560 defendere
1203 2495 1346 2575 debebat,

327 2612 492 2679 exordium
521 2623 673 2695 repugnet
704 2612 830 2694 reliquo
862 2609 994 2673 carmini
1023 2611 1162 2696 ipsisque
1190 2614 1346 2695 Apollinis

327 2730 445 2805 verbis,
466 2730 521 2812 qui
542 2750 616 2792 vers
635 2749 667 2792 se
684 2726 776 2812 loqui
791 2739 909 2791 monet.
951 2725 1098 2793 Ceterum
1115 2739 1241 2809 praeter
1259 2728 1346 2789 hunc

325 2847 429 2908 locum
450 2865 525 2907 usus
547 2856 593 2906 est
613 2843 793 2925 Lygdamus
814 2845 913 2924 figura
934 2855 1070 2907 mutatae
1096 2843 1267 2905 sententiae
1288 2861 1346 2923 per

324 2974 426 3024 totum
450 2972 574 3025 sextum
600 2979 740 3035 carmen,
771 2956 827 3021 sed
852 2978 910 3020 nec
935 2954 982 3019 ibi
1006 2957 1097 3034 scite,
1125 2959 1245 3021 utiam
1265 2954 1346 3020 vidi·

325 3096 405 3138 mus.
447 3075 532 3137 Alias
555 3093 621 3134 non
642 3062 782 3150 admisit,
806 3093 842 3133 ac
863 3070 1063 3152 tranquillior
1083 3071 1149 3132 fere
1171 3072 1248 3135 haec
1268 3090 1344 3152 poe·

325 3191 383 3263 sis,
424 3209 519 3271 quam
546 3199 582 3249 ut
612 3183 748 3250 vividior
777 3185 876 3265 figura
905 3184 1080 3248 conveniat.
1132 3184 1236 3267 Atque
1267 3185 1344 3245 lsaec

325 3302 486 3362 hactenus.
546 3300 675 3362 Praeter
704 3295 870 3359 exordium
899 3297 988 3380 quod
1014 3295 1047 3359 iu
1079 3298 1166 3360 exitu
1193 3295 1275 3359 redit
1303 3295 1344 3359 ad

323 3414 408 3476 idem
440 3429 548 3479 votum
581 3429 694 3498 poeta,
740 3429 776 3478 ut
807 3418 841 3478 iu
873 3417 984 3477 melius
1016 3428 1140 3478 vertant
1169 3411 1213 3475 dii
1243 3411 1343 3473 tristia

325 3528 460 3606 sotanis,
481 3542 564 3591 recte
587 3545 619 3592 et
639 3534 719 3593 bone
739 3532 868 3609 lactum,
890 3552 993 3614 neque
1012 3531 1095 3593 enim
1113 3527 1225 3589 melior
1240 3525 1342 3587 exitus

324 3662 364 3704 ex
393 3642 487 3704 huius
517 3647 691 3721 argumenti
717 3647 839 3708 ratione
868 3646 989 3728 imponi
1013 3654 1138 3724 poterat
1163 3660 1257 3722 quam
1284 3659 1343 3720 per

323 3756 542 3839 repetitionem
570 3756 670 3838 initii3
702 3761 783 3822 male
812 3780 889 3823 vero
919 3760 1026 3842 inepta
1055 3759 1143 3840 copie
1171 3758 1342 3837 imaginum

324 3871 458 3933 affirmat
484 3891 549 3934 non
576 3870 687 3933 duram
711 3893 778 3934 esse
800 3872 964 3936 Neaeram.
1009 3871 1183 3936 Veniamus
1206 3867 1342 3951 denique

323 3984 363 4047 ad
385 3983 522 4049 medium
544 4008 680 4049 carmen.
719 3988 860 4067 Apparet
881 3988 984 4050 statim
1004 4006 1069 4049 non
1091 3988 1173 4047 clare
1194 3981 1342 4060 cogitasse

323 4113 465 4179 pinetam,
506 4100 582 4184 quid
612 4102 661 4162 hic
689 4100 758 4162 fieri
788 4099 925 4166 deberet.
980 4101 1063 4163 Nam
1088 4101 1116 4161 si
1145 4117 1342 4161 commouere
1385 4090 1391 4105 '
