<?xml version="1.0" encoding="UTF-8"?>
<!DOCTYPE html PUBLIC "-//W3C//DTD XHTML 1.0 Transitional//EN"
    "http://www.w3.org/TR/xhtml1/DTD/xhtml1-transitional.dtd">
<html xmlns="http://www.w3.org/1999/xhtml" xml:lang="en" lang="en">
 <head>
  <title>
</title>
<meta http-equiv="Content-Type" content="text/html;charset=utf-8" />
  <meta name='ocr-system' content='tesseract 3.04.00' />
  <meta name='ocr-capabilities' content='ocr_page ocr_carea ocr_par ocr_line ocrx_word'/>
</head>
<body>
  <div class='ocr_page' id='page_1' title='image "albiitibullicar00unkngoog_0513.png"; bbox 0 0 3009 4725; ppageno 0'>
   <div class='ocr_carea' id='block_1_1' title="bbox 451 351 1175 429">
    <p class='ocr_par' dir='ltr' id='par_1_1' title="bbox 451 351 1175 429">
     <span class='ocr_line' id='line_1_1' title="bbox 451 351 1175 429; baseline 0.018 -13"><span class='ocrx_word' id='word_1_1' title='bbox 451 351 561 416; x_wconf 85' lang='lat' dir='ltr'><strong>LIBR.</strong></span> <span class='ocrx_word' id='word_1_2' title='bbox 583 354 608 414; x_wconf 88' lang='lat' dir='ltr'><strong>l.</strong></span> <span class='ocrx_word' id='word_1_3' title='bbox 650 351 774 416; x_wconf 85' lang='lat' dir='ltr'><strong>ELEG.</strong></span> <span class='ocrx_word' id='word_1_4' title='bbox 795 355 882 419; x_wconf 79' lang='lat' dir='ltr'><strong>VIII.</strong></span> <span class='ocrx_word' id='word_1_5' title='bbox 1116 371 1175 429; x_wconf 75' lang='lat' dir='ltr'><strong>trs</strong></span> 
     </span>
    </p>
   </div>
   <div class='ocr_carea' id='block_1_2' title="bbox 150 523 1239 2391">
    <p class='ocr_par' dir='ltr' id='par_1_2' title="bbox 150 523 1239 2391">
     <span class='ocr_line' id='line_1_2' title="bbox 153 523 1171 600; baseline 0.005 -15"><span class='ocrx_word' id='word_1_6' title='bbox 153 531 274 600; x_wconf 87' lang='lat' dir='ltr'><strong>querelas</strong></span> <span class='ocrx_word' id='word_1_7' title='bbox 292 527 367 600; x_wconf 86' lang='lat' dir='ltr'><strong>pueri</strong></span> <span class='ocrx_word' id='word_1_8' title='bbox 384 529 479 595; x_wconf 84' lang='lat' dir='ltr'><strong>poeta,</strong></span> <span class='ocrx_word' id='word_1_9' title='bbox 497 523 645 592; x_wconf 74' lang='lat' dir='ltr'><strong>Interpellat</strong></span> <span class='ocrx_word' id='word_1_10' title='bbox 661 524 845 580; x_wconf 76' lang='lat' dir='ltr'><strong>lamentantem</strong></span> <span class='ocrx_word' id='word_1_11' title='bbox 867 534 894 581; x_wconf 87' lang='lat' dir='ltr'><strong>et</strong></span> <span class='ocrx_word' id='word_1_12' title='bbox 911 527 1030 585; x_wconf 74' lang='lat' dir='ltr'><strong>hortatur</strong></span> <span class='ocrx_word' id='word_1_13' title='bbox 1049 539 1077 587; x_wconf 86' lang='lat' dir='ltr'><strong>ut</strong></span> <span class='ocrx_word' id='word_1_14' title='bbox 1094 535 1171 590; x_wconf 83' lang='lat' dir='ltr'><strong>finem</strong></span> 
     </span>
     <span class='ocr_line' id='line_1_3' title="bbox 153 624 1172 692; baseline 0.002 -9"><span class='ocrx_word' id='word_1_15' title='bbox 153 631 231 683; x_wconf 80' lang='lat' dir='ltr'><strong>laetat</strong></span> <span class='ocrx_word' id='word_1_16' title='bbox 257 636 285 682; x_wconf 86' lang='lat' dir='ltr'><strong>at</strong></span> <span class='ocrx_word' id='word_1_17' title='bbox 307 625 392 692; x_wconf 76' lang='lat' dir='ltr'><strong>erigat</strong></span> <span class='ocrx_word' id='word_1_18' title='bbox 416 625 546 688; x_wconf 84' lang='lat' dir='ltr'><strong>animum,</strong></span> <span class='ocrx_word' id='word_1_19' title='bbox 573 638 632 676; x_wconf 85' lang='lat' dir='ltr'><strong>cum</strong></span> <span class='ocrx_word' id='word_1_20' title='bbox 656 638 708 675; x_wconf 90' lang='lat' dir='ltr'><strong>non</strong></span> <span class='ocrx_word' id='word_1_21' title='bbox 730 624 820 678; x_wconf 86' lang='lat' dir='ltr'><strong>audiat</strong></span> <span class='ocrx_word' id='word_1_22' title='bbox 837 625 947 682; x_wconf 79' lang='lat' dir='ltr'><strong>Pholoe.</strong></span> <span class='ocrx_word' id='word_1_23' title='bbox 990 634 1065 688; x_wconf 84' lang='lat' dir='ltr'><strong>Quae</strong></span> <span class='ocrx_word' id='word_1_24' title='bbox 1083 651 1125 687; x_wconf 79' lang='lat' dir='ltr'><strong>res</strong></span> <span class='ocrx_word' id='word_1_25' title='bbox 1143 643 1172 690; x_wconf 85' lang='lat' dir='ltr'><strong>ot</strong></span> 
     </span>
     <span class='ocr_line' id='line_1_4' title="bbox 151 724 1170 800; baseline 0.009 -19"><span class='ocrx_word' id='word_1_26' title='bbox 151 727 283 782; x_wconf 81' lang='lat' dir='ltr'><strong>miseranti</strong></span> <span class='ocrx_word' id='word_1_27' title='bbox 301 732 397 795; x_wconf 82' lang='lat' dir='ltr'><strong>poetae</strong></span> <span class='ocrx_word' id='word_1_28' title='bbox 414 725 529 776; x_wconf 79' lang='lat' dir='ltr'><strong>suaviter</strong></span> <span class='ocrx_word' id='word_1_29' title='bbox 545 725 674 788; x_wconf 81' lang='lat' dir='ltr'><strong>convenit,</strong></span> <span class='ocrx_word' id='word_1_30' title='bbox 692 724 728 775; x_wconf 85' lang='lat' dir='ltr'><strong>ita</strong></span> <span class='ocrx_word' id='word_1_31' title='bbox 747 741 798 778; x_wconf 88' lang='lat' dir='ltr'><strong>non</strong></span> <span class='ocrx_word' id='word_1_32' title='bbox 817 728 900 780; x_wconf 86' lang='lat' dir='ltr'><strong>minus</strong></span> <span class='ocrx_word' id='word_1_33' title='bbox 918 730 950 781; x_wconf 84' lang='lat' dir='ltr'><strong>ad</strong></span> <span class='ocrx_word' id='word_1_34' title='bbox 967 733 1079 800; x_wconf 85' lang='lat' dir='ltr'><strong>puellam</strong></span> <span class='ocrx_word' id='word_1_35' title='bbox 1097 754 1170 790; x_wconf 87' lang='lat' dir='ltr'><strong>corn-</strong></span> 
     </span>
     <span class='ocr_line' id='line_1_5' title="bbox 152 822 1172 892; baseline 0.011 -13"><span class='ocrx_word' id='word_1_36' title='bbox 152 824 304 879; x_wconf 79' lang='lat' dir='ltr'><strong>movendatn</strong></span> <span class='ocrx_word' id='word_1_37' title='bbox 321 825 426 876; x_wconf 86' lang='lat' dir='ltr'><strong>inventa</strong></span> <span class='ocrx_word' id='word_1_38' title='bbox 443 828 499 887; x_wconf 80' lang='lat' dir='ltr'><strong>eat3</strong></span> <span class='ocrx_word' id='word_1_39' title='bbox 516 837 576 874; x_wconf 90' lang='lat' dir='ltr'><strong>nam</strong></span> <span class='ocrx_word' id='word_1_40' title='bbox 594 827 621 875; x_wconf 93' lang='lat' dir='ltr'><strong>et</strong></span> <span class='ocrx_word' id='word_1_41' title='bbox 639 822 755 875; x_wconf 72' lang='lat' dir='ltr'>discessu</span> <span class='ocrx_word' id='word_1_42' title='bbox 773 827 847 892; x_wconf 87' lang='lat' dir='ltr'><strong>pueri</strong></span> <span class='ocrx_word' id='word_1_43' title='bbox 864 827 950 882; x_wconf 84' lang='lat' dir='ltr'><strong>tuturo</strong></span> <span class='ocrx_word' id='word_1_44' title='bbox 970 838 1050 885; x_wconf 87' lang='lat' dir='ltr'><strong>terret</strong></span> <span class='ocrx_word' id='word_1_45' title='bbox 1068 852 1124 889; x_wconf 88' lang='lat' dir='ltr'><strong>enm</strong></span> <span class='ocrx_word' id='word_1_46' title='bbox 1144 846 1172 891; x_wconf 81' lang='lat' dir='ltr'><strong>et</strong></span> 
     </span>
     <span class='ocr_line' id='line_1_6' title="bbox 150 923 1170 1004; baseline 0.013 -25"><span class='ocrx_word' id='word_1_47' title='bbox 150 928 184 980; x_wconf 87' lang='lat' dir='ltr'><strong>ad</strong></span> <span class='ocrx_word' id='word_1_48' title='bbox 203 926 304 980; x_wconf 75' lang='lat' dir='ltr'><strong>divinae</strong></span> <span class='ocrx_word' id='word_1_49' title='bbox 321 937 422 993; x_wconf 82' lang='lat' dir='ltr'><strong>poenae</strong></span> <span class='ocrx_word' id='word_1_50' title='bbox 438 923 521 976; x_wconf 86' lang='lat' dir='ltr'><strong>minas</strong></span> <span class='ocrx_word' id='word_1_51' title='bbox 537 924 672 975; x_wconf 76' lang='lat' dir='ltr'><strong>transitum</strong></span> <span class='ocrx_word' id='word_1_52' title='bbox 690 923 749 977; x_wconf 79' lang='lat' dir='ltr'><strong>ltine</strong></span> <span class='ocrx_word' id='word_1_53' title='bbox 766 925 815 976; x_wconf 87' lang='lat' dir='ltr'><strong>sibi</strong></span> <span class='ocrx_word' id='word_1_54' title='bbox 835 936 917 994; x_wconf 82' lang='lat' dir='ltr'><strong>parat.</strong></span> <span class='ocrx_word' id='word_1_55' title='bbox 934 958 962 970; x_wconf 89' lang='lat'><em>-</em></span> <span class='ocrx_word' id='word_1_56' title='bbox 982 932 1052 987; x_wconf 90' lang='lat' dir='ltr'><strong>Nec</strong></span> <span class='ocrx_word' id='word_1_57' title='bbox 1070 939 1170 1004; x_wconf 86' lang='lat' dir='ltr'><strong>prod-</strong></span> 
     </span>
     <span class='ocr_line' id='line_1_7' title="bbox 152 1022 1172 1105; baseline 0.012 -25"><span class='ocrx_word' id='word_1_58' title='bbox 152 1034 206 1080; x_wconf 84' lang='lat' dir='ltr'><strong>est</strong></span> <span class='ocrx_word' id='word_1_59' title='bbox 236 1033 314 1078; x_wconf 85' lang='lat' dir='ltr'><strong>turn</strong></span> <span class='ocrx_word' id='word_1_60' title='bbox 345 1023 485 1077; x_wconf 88' lang='lat' dir='ltr'><strong>dedisse</strong></span> <span class='ocrx_word' id='word_1_61' title='bbox 516 1022 617 1076; x_wconf 83' lang='lat' dir='ltr'><strong>focis.</strong></span> <span class='ocrx_word' id='word_1_62' title='bbox 662 1023 803 1092; x_wconf 84' lang='lat' dir='ltr'><strong>lmpiornm</strong></span> <span class='ocrx_word' id='word_1_63' title='bbox 830 1043 904 1080; x_wconf 87' lang='lat' dir='ltr'><strong>sacra</strong></span> <span class='ocrx_word' id='word_1_64' title='bbox 927 1029 990 1083; x_wconf 88' lang='lat' dir='ltr'><strong>deos</strong></span> <span class='ocrx_word' id='word_1_65' title='bbox 1013 1035 1172 1105; x_wconf 75' lang='lat' dir='ltr'><strong>adspernari,</strong></span> 
     </span>
     <span class='ocr_line' id='line_1_8' title="bbox 156 1119 1171 1191; baseline 0.012 -13"><span class='ocrx_word' id='word_1_66' title='bbox 156 1132 213 1178; x_wconf 87' lang='lat' dir='ltr'><strong>erat</strong></span> <span class='ocrx_word' id='word_1_67' title='bbox 236 1130 352 1177; x_wconf 67' lang='lat' dir='ltr'><strong>ntorum</strong></span> <span class='ocrx_word' id='word_1_68' title='bbox 376 1122 477 1191; x_wconf 87' lang='lat' dir='ltr'><strong>opinio,</strong></span> <span class='ocrx_word' id='word_1_69' title='bbox 501 1120 570 1172; x_wconf 88' lang='lat' dir='ltr'><strong>unde</strong></span> <span class='ocrx_word' id='word_1_70' title='bbox 589 1119 687 1172; x_wconf 76' lang='lat' dir='ltr'><strong>crena.</strong></span> <span class='ocrx_word' id='word_1_71' title='bbox 705 1120 739 1172; x_wconf 88' lang='lat' dir='ltr'><strong>de</strong></span> <span class='ocrx_word' id='word_1_72' title='bbox 763 1122 848 1189; x_wconf 79' lang='lat' dir='ltr'><strong>Legg.</strong></span> <span class='ocrx_word' id='word_1_73' title='bbox 865 1125 900 1189; x_wconf 91' lang='lat' dir='ltr'><strong>ll,</strong></span> <span class='ocrx_word' id='word_1_74' title='bbox 918 1131 944 1179; x_wconf 86' lang='lat'><strong>9.</strong></span> <span class='ocrx_word' id='word_1_75' title='bbox 969 1130 1032 1182; x_wconf 86' lang='lat' dir='ltr'><strong>dicit</strong></span> <span class='ocrx_word' id='word_1_76' title='bbox 1050 1134 1171 1191; x_wconf 86' lang='lat' dir='ltr'><strong>laudante</strong></span> 
     </span>
     <span class='ocr_line' id='line_1_9' title="bbox 156 1218 1171 1292; baseline 0.007 -14"><span class='ocrx_word' id='word_1_77' title='bbox 156 1225 396 1278; x_wconf 77' lang='lat' dir='ltr'><strong>Wuttntsnntomo:</strong></span> <span class='ocrx_word' id='word_1_78' title='bbox 413 1220 517 1292; x_wconf 82' lang='lat' dir='ltr'><strong>Impius</strong></span> <span class='ocrx_word' id='word_1_79' title='bbox 533 1237 566 1271; x_wconf 83' lang='lat' dir='ltr'><strong>ne</strong></span> <span class='ocrx_word' id='word_1_80' title='bbox 584 1218 684 1270; x_wconf 78' lang='lat' dir='ltr'><strong>ondeta</strong></span> <span class='ocrx_word' id='word_1_81' title='bbox 697 1219 811 1288; x_wconf 77' lang='lat' dir='ltr'><strong>placore</strong></span> <span class='ocrx_word' id='word_1_82' title='bbox 830 1222 906 1275; x_wconf 78' lang='lat' dir='ltr'><strong>donis</strong></span> <span class='ocrx_word' id='word_1_83' title='bbox 923 1225 992 1277; x_wconf 77' lang='lat' dir='ltr'><strong>iram</strong></span> <span class='ocrx_word' id='word_1_84' title='bbox 1010 1230 1125 1285; x_wconf 81' lang='lat' dir='ltr'><strong>deorum.</strong></span> <span class='ocrx_word' id='word_1_85' title='bbox 1136 1266 1171 1276; x_wconf 94' lang='lat'>—</span> 
     </span>
     <span class='ocr_line' id='line_1_10' title="bbox 158 1320 1172 1396; baseline 0.01 -18"><span class='ocrx_word' id='word_1_86' title='bbox 158 1326 187 1378; x_wconf 89' lang='lat' dir='ltr'><strong>V.</strong></span> <span class='ocrx_word' id='word_1_87' title='bbox 203 1329 236 1378; x_wconf 78' lang='lat' dir='ltr'><strong>tl</strong></span> <span class='ocrx_word' id='word_1_88' title='bbox 256 1340 313 1391; x_wconf 88' lang='lat' dir='ltr'><strong>sqq.</strong></span> <span class='ocrx_word' id='word_1_89' title='bbox 349 1323 414 1376; x_wconf 87' lang='lat' dir='ltr'><strong>Hic</strong></span> <span class='ocrx_word' id='word_1_90' title='bbox 438 1320 624 1375; x_wconf 83' lang='lat' dir='ltr'><strong>Marathus.</strong></span> <span class='ocrx_word' id='word_1_91' title='bbox 660 1321 742 1374; x_wconf 81' lang='lat' dir='ltr'><strong>Suari</strong></span> <span class='ocrx_word' id='word_1_92' title='bbox 764 1323 846 1374; x_wconf 84' lang='lat' dir='ltr'><strong>tronia</strong></span> <span class='ocrx_word' id='word_1_93' title='bbox 870 1339 938 1377; x_wconf 88' lang='lat' dir='ltr'><strong>nuno</strong></span> <span class='ocrx_word' id='word_1_94' title='bbox 963 1327 1043 1396; x_wconf 84' lang='lat' dir='ltr'><strong>ipsius</strong></span> <span class='ocrx_word' id='word_1_95' title='bbox 1062 1332 1172 1388; x_wconf 81' lang='lat' dir='ltr'><strong>blaratlri</strong></span> 
     </span>
     <span class='ocr_line' id='line_1_11' title="bbox 155 1423 1171 1495; baseline 0.007 -17"><span class='ocrx_word' id='word_1_96' title='bbox 155 1427 274 1494; x_wconf 79' lang='lat' dir='ltr'><strong>exemplo</strong></span> <span class='ocrx_word' id='word_1_97' title='bbox 288 1427 377 1490; x_wconf 88' lang='lat' dir='ltr'><strong>utitur,</strong></span> <span class='ocrx_word' id='word_1_98' title='bbox 394 1424 439 1491; x_wconf 90' lang='lat' dir='ltr'><strong>qni</strong></span> <span class='ocrx_word' id='word_1_99' title='bbox 453 1423 573 1476; x_wconf 90' lang='lat' dir='ltr'><strong>similiter</strong></span> <span class='ocrx_word' id='word_1_100' title='bbox 587 1428 664 1474; x_wconf 85' lang='lat' dir='ltr'><strong>antea</strong></span> <span class='ocrx_word' id='word_1_101' title='bbox 678 1427 808 1475; x_wconf 87' lang='lat' dir='ltr'><strong>amatores</strong></span> <span class='ocrx_word' id='word_1_102' title='bbox 823 1439 885 1475; x_wconf 85' lang='lat' dir='ltr'><strong>suos</strong></span> <span class='ocrx_word' id='word_1_103' title='bbox 901 1432 928 1476; x_wconf 88' lang='lat' dir='ltr'><strong>et</strong></span> <span class='ocrx_word' id='word_1_104' title='bbox 943 1426 1026 1495; x_wconf 84' lang='lat' dir='ltr'><strong>ipsum</strong></span> <span class='ocrx_word' id='word_1_105' title='bbox 1040 1430 1171 1486; x_wconf 88' lang='lat' dir='ltr'><strong>Tibullum</strong></span> 
     </span>
     <span class='ocr_line' id='line_1_12' title="bbox 154 1522 1173 1606; baseline 0.013 -31"><span class='ocrx_word' id='word_1_106' title='bbox 154 1524 259 1576; x_wconf 83' lang='lat' dir='ltr'><strong>luserat.</strong></span> <span class='ocrx_word' id='word_1_107' title='bbox 295 1524 392 1578; x_wconf 88' lang='lat' dir='ltr'><strong>Notum</strong></span> <span class='ocrx_word' id='word_1_108' title='bbox 410 1540 472 1577; x_wconf 79' lang='lat' dir='ltr'><strong>uero</strong></span> <span class='ocrx_word' id='word_1_109' title='bbox 491 1523 616 1576; x_wconf 87' lang='lat' dir='ltr'><strong>ludere</strong></span> <span class='ocrx_word' id='word_1_110' title='bbox 634 1522 667 1575; x_wconf 90' lang='lat' dir='ltr'><strong>de</strong></span> <span class='ocrx_word' id='word_1_111' title='bbox 685 1522 755 1576; x_wconf 86' lang='lat' dir='ltr'><strong>tastu</strong></span> <span class='ocrx_word' id='word_1_112' title='bbox 773 1523 798 1574; x_wconf 91' lang='lat' dir='ltr'><strong>in</strong></span> <span class='ocrx_word' id='word_1_113' title='bbox 816 1526 954 1606; x_wconf 84' lang='lat' dir='ltr'><strong>amoribus.</strong></span> <span class='ocrx_word' id='word_1_114' title='bbox 971 1556 1007 1567; x_wconf 89' lang='lat'><em>-</em></span> <span class='ocrx_word' id='word_1_115' title='bbox 1024 1532 1173 1588; x_wconf 85' lang='lat' dir='ltr'><strong>ultorem</strong></span> 
     </span>
     <span class='ocr_line' id='line_1_13' title="bbox 154 1621 1173 1692; baseline 0.015 -19"><span class='ocrx_word' id='word_1_116' title='bbox 154 1628 234 1690; x_wconf 86' lang='lat' dir='ltr'><strong>post</strong></span> <span class='ocrx_word' id='word_1_117' title='bbox 252 1629 355 1692; x_wconf 83' lang='lat' dir='ltr'><strong>caput</strong></span> <span class='ocrx_word' id='word_1_118' title='bbox 372 1639 457 1679; x_wconf 83' lang='lat' dir='ltr'><strong>esse.</strong></span> <span class='ocrx_word' id='word_1_119' title='bbox 494 1623 637 1690; x_wconf 83' lang='lat' dir='ltr'><strong>Comparat</strong></span> <span class='ocrx_word' id='word_1_120' title='bbox 654 1621 777 1674; x_wconf 83' lang='lat' dir='ltr'><strong>Vuusrus</strong></span> <span class='ocrx_word' id='word_1_121' title='bbox 797 1623 890 1675; x_wconf 78' lang='lat' dir='ltr'><strong>Seneo</strong></span> <span class='ocrx_word' id='word_1_122' title='bbox 909 1625 1017 1680; x_wconf 83' lang='lat' dir='ltr'><strong>Hercul·</strong></span> <span class='ocrx_word' id='word_1_123' title='bbox 1034 1630 1082 1684; x_wconf 82' lang='lat' dir='ltr'><strong>tur.</strong></span> <span class='ocrx_word' id='word_1_124' title='bbox 1101 1637 1173 1689; x_wconf 75' lang='lat'><strong>³85:</strong></span> 
     </span>
     <span class='ocr_line' id='line_1_14' title="bbox 155 1719 1173 1805; baseline 0.017 -34"><span class='ocrx_word' id='word_1_125' title='bbox 155 1719 286 1790; x_wconf 79' lang='lat' dir='ltr'><strong>Sequitur</strong></span> <span class='ocrx_word' id='word_1_126' title='bbox 302 1720 428 1791; x_wconf 79' lang='lat' dir='ltr'><strong>superbos</strong></span> <span class='ocrx_word' id='word_1_127' title='bbox 445 1721 519 1775; x_wconf 85' lang='lat' dir='ltr'><strong>ultor</strong></span> <span class='ocrx_word' id='word_1_128' title='bbox 537 1739 555 1773; x_wconf 86' lang='lat' dir='ltr'><strong>a</strong></span> <span class='ocrx_word' id='word_1_129' title='bbox 570 1730 646 1793; x_wconf 82' lang='lat' dir='ltr'><strong>tergo</strong></span> <span class='ocrx_word' id='word_1_130' title='bbox 663 1719 737 1773; x_wconf 80' lang='lat' dir='ltr'><strong>deus.</strong></span> <span class='ocrx_word' id='word_1_131' title='bbox 774 1724 861 1789; x_wconf 81' lang='lat' dir='ltr'><strong>Atque</strong></span> <span class='ocrx_word' id='word_1_132' title='bbox 877 1724 913 1776; x_wconf 87' lang='lat' dir='ltr'><strong>ita</strong></span> <span class='ocrx_word' id='word_1_133' title='bbox 931 1729 1034 1796; x_wconf 86' lang='lat' dir='ltr'><strong>saepius</strong></span> <span class='ocrx_word' id='word_1_134' title='bbox 1052 1748 1070 1779; x_wconf 86' lang='lat' dir='ltr'><strong><em>a</em></strong></span> <span class='ocrx_word' id='word_1_135' title='bbox 1087 1742 1173 1805; x_wconf 78' lang='lat' dir='ltr'><strong>tergo.</strong></span> 
     </span>
     <span class='ocr_line' id='line_1_15' title="bbox 155 1821 1174 1892; baseline 0.012 -18"><span class='ocrx_word' id='word_1_136' title='bbox 155 1821 276 1874; x_wconf 79' lang='lat' dir='ltr'><strong>Tibullus</strong></span> <span class='ocrx_word' id='word_1_137' title='bbox 294 1831 359 1892; x_wconf 80' lang='lat' dir='ltr'><strong>post</strong></span> <span class='ocrx_word' id='word_1_138' title='bbox 384 1832 466 1892; x_wconf 72' lang='lat' dir='ltr'><strong>caput</strong></span> <span class='ocrx_word' id='word_1_139' title='bbox 485 1823 590 1889; x_wconf 83' lang='lat' dir='ltr'><strong>dicens,</strong></span> <span class='ocrx_word' id='word_1_140' title='bbox 615 1823 773 1888; x_wconf 77' lang='lat' dir='ltr'><strong>Imaginatur</strong></span> <span class='ocrx_word' id='word_1_141' title='bbox 790 1839 859 1891; x_wconf 84' lang='lat' dir='ltr'><strong>pone</strong></span> <span class='ocrx_word' id='word_1_142' title='bbox 877 1833 1027 1891; x_wconf 76' lang='lat' dir='ltr'><strong>aequantem</strong></span> <span class='ocrx_word' id='word_1_143' title='bbox 1047 1829 1123 1884; x_wconf 89' lang='lat' dir='ltr'><strong>deum</strong></span> <span class='ocrx_word' id='word_1_144' title='bbox 1143 1840 1174 1886; x_wconf 90' lang='lat' dir='ltr'><strong>nt</strong></span> 
     </span>
     <span class='ocr_line' id='line_1_16' title="bbox 154 1923 1175 1992; baseline 0.008 -18"><span class='ocrx_word' id='word_1_145' title='bbox 154 1923 236 1975; x_wconf 88' lang='lat' dir='ltr'><strong>irruat</strong></span> <span class='ocrx_word' id='word_1_146' title='bbox 254 1923 279 1975; x_wconf 90' lang='lat' dir='ltr'><strong>in</strong></span> <span class='ocrx_word' id='word_1_147' title='bbox 297 1930 383 1992; x_wconf 78' lang='lat' dir='ltr'><strong>eaput</strong></span> <span class='ocrx_word' id='word_1_148' title='bbox 418 1923 458 1976; x_wconf 77' lang='lat' dir='ltr'><strong>tte</strong></span> <span class='ocrx_word' id='word_1_149' title='bbox 476 1926 561 1992; x_wconf 79' lang='lat' dir='ltr'><strong>capilo</strong></span> <span class='ocrx_word' id='word_1_150' title='bbox 578 1923 670 1977; x_wconf 81' lang='lat' dir='ltr'><strong>contar</strong></span> <span class='ocrx_word' id='word_1_151' title='bbox 686 1924 771 1976; x_wconf 80' lang='lat' dir='ltr'><strong>Soura.</strong></span> <span class='ocrx_word' id='word_1_152' title='bbox 789 1924 878 1989; x_wconf 79' lang='lat' dir='ltr'><strong>Antig.</strong></span> <span class='ocrx_word' id='word_1_153' title='bbox 898 1928 975 1979; x_wconf 74' lang='lat' dir='ltr'><strong>lasa.</strong></span> <span class='ocrx_word' id='word_1_154' title='bbox 995 1930 1079 1981; x_wconf 74' lang='lat'>12⁷³:</span> <span class='ocrx_word' id='word_1_155' title='bbox 1106 1931 1132 1981; x_wconf 75' lang='lat' dir='ltr'><strong>Is</strong></span> <span class='ocrx_word' id='word_1_156' title='bbox 1148 1926 1175 1981; x_wconf 74' lang='grc' dir='ltr'><strong>δ’</strong></span> 
     </span>
     <span class='ocr_line' id='line_1_17' title="bbox 155 2015 1172 2094; baseline 0.013 -23"><span class='ocrx_word' id='word_1_157' title='bbox 155 2021 208 2088; x_wconf 74' lang='grc' dir='ltr'><strong>ἐμῷ</strong></span> <span class='ocrx_word' id='word_1_158' title='bbox 224 2015 294 2092; x_wconf 70' lang='grc' dir='ltr'><strong>κάρᾳ</strong></span> <span class='ocrx_word' id='word_1_159' title='bbox 315 2017 377 2079; x_wconf 70' lang='lat' dir='ltr'><strong>darie</strong></span> <span class='ocrx_word' id='word_1_160' title='bbox 397 2017 454 2074; x_wconf 77' lang='grc' dir='ltr'><strong>τότ’</strong></span> <span class='ocrx_word' id='word_1_161' title='bbox 470 2018 523 2092; x_wconf 66' lang='grc' dir='ltr'><strong>ἄρα</strong></span> <span class='ocrx_word' id='word_1_162' title='bbox 539 2018 599 2075; x_wconf 75' lang='grc' dir='ltr'><strong>τότε</strong></span> <span class='ocrx_word' id='word_1_163' title='bbox 616 2027 683 2090; x_wconf 73' lang='grc' dir='ltr'><strong>μέγα</strong></span> <span class='ocrx_word' id='word_1_164' title='bbox 704 2018 787 2094; x_wconf 78' lang='grc' dir='ltr'><strong><em>βάρος</em></strong></span> <span class='ocrx_word' id='word_1_165' title='bbox 810 2019 838 2084; x_wconf 80' lang='grc' dir='ltr'><strong>μ’</strong></span> <span class='ocrx_word' id='word_1_166' title='bbox 854 2024 917 2090; x_wconf 64' lang='grc' dir='ltr'><strong>ἔχων</strong></span> <span class='ocrx_word' id='word_1_167' title='bbox 934 2024 1044 2078; x_wconf 63' lang='grc' dir='ltr'><strong>ἔπαισεν.</strong></span> <span class='ocrx_word' id='word_1_168' title='bbox 1063 2057 1099 2069; x_wconf 93' lang='grc'><strong>-</strong></span> <span class='ocrx_word' id='word_1_169' title='bbox 1126 2032 1172 2083; x_wconf 84' lang='lat' dir='ltr'><strong>In·</strong></span> 
     </span>
     <span class='ocr_line' id='line_1_18' title="bbox 157 2121 1239 2208; baseline 0.013 -37"><span class='ocrx_word' id='word_1_170' title='bbox 157 2121 289 2187; x_wconf 78' lang='lat' dir='ltr'><strong>trimis,</strong></span> <span class='ocrx_word' id='word_1_171' title='bbox 308 2128 339 2175; x_wconf 85' lang='lat' dir='ltr'><strong>ut</strong></span> <span class='ocrx_word' id='word_1_172' title='bbox 357 2122 465 2177; x_wconf 79' lang='lat' dir='ltr'><strong>Hosan.</strong></span> <span class='ocrx_word' id='word_1_173' title='bbox 480 2124 560 2177; x_wconf 88' lang='lat' dir='ltr'><strong>Satir.</strong></span> <span class='ocrx_word' id='word_1_174' title='bbox 574 2124 609 2191; x_wconf 93' lang='lat' dir='ltr'><strong>ll,</strong></span> <span class='ocrx_word' id='word_1_175' title='bbox 626 2129 652 2190; x_wconf 80' lang='grc'><strong>3,</strong></span> <span class='ocrx_word' id='word_1_176' title='bbox 668 2128 719 2178; x_wconf 75' lang='lat'><strong>‘122</strong></span> <span class='ocrx_word' id='word_1_177' title='bbox 738 2124 819 2175; x_wconf 79' lang='lat' dir='ltr'><strong>naalia</strong></span> <span class='ocrx_word' id='word_1_178' title='bbox 836 2123 967 2177; x_wconf 79' lang='lat' dir='ltr'><strong>ridentem</strong></span> <span class='ocrx_word' id='word_1_179' title='bbox 985 2127 1080 2178; x_wconf 76' lang='lat' dir='ltr'><strong>alienia</strong></span> <span class='ocrx_word' id='word_1_180' title='bbox 1098 2130 1172 2184; x_wconf 85' lang='lat' dir='ltr'><strong>dlxit.</strong></span> <span class='ocrx_word' id='word_1_181' title='bbox 1235 2201 1239 2208; x_wconf 93' lang='lat'><em>.</em></span> 
     </span>
     <span class='ocr_line' id='line_1_19' title="bbox 157 2216 1173 2299; baseline 0.014 -29"><span class='ocrx_word' id='word_1_182' title='bbox 157 2216 206 2271; x_wconf 78' lang='lat' dir='ltr'><strong>ltus</strong></span> <span class='ocrx_word' id='word_1_183' title='bbox 227 2219 307 2286; x_wconf 75' lang='lat' dir='ltr'><strong>Igitur</strong></span> <span class='ocrx_word' id='word_1_184' title='bbox 324 2222 477 2289; x_wconf 83' lang='lat' dir='ltr'><strong>exquisitior</strong></span> <span class='ocrx_word' id='word_1_185' title='bbox 501 2223 587 2276; x_wconf 84' lang='lat' dir='ltr'><strong>lentio.</strong></span> <span class='ocrx_word' id='word_1_186' title='bbox 624 2224 788 2291; x_wconf 80' lang='lat' dir='ltr'><strong>Quamquam</strong></span> <span class='ocrx_word' id='word_1_187' title='bbox 809 2226 896 2278; x_wconf 73' lang='lat' dir='ltr'><strong>nmcio</strong></span> <span class='ocrx_word' id='word_1_188' title='bbox 922 2241 969 2279; x_wconf 88' lang='lat' dir='ltr'><strong>cur</strong></span> <span class='ocrx_word' id='word_1_189' title='bbox 986 2226 1105 2281; x_wconf 77' lang='lat' dir='ltr'><strong>Tibullus</strong></span> <span class='ocrx_word' id='word_1_190' title='bbox 1125 2247 1173 2299; x_wconf 88' lang='lat' dir='ltr'><strong>pro</strong></span> 
     </span>
     <span class='ocr_line' id='line_1_20' title="bbox 156 2316 1172 2391; baseline 0.015 -23"><span class='ocrx_word' id='word_1_191' title='bbox 156 2316 319 2386; x_wconf 82' lang='lat' dir='ltr'><strong>slmplinitate</strong></span> <span class='ocrx_word' id='word_1_192' title='bbox 336 2336 383 2373; x_wconf 90' lang='lat' dir='ltr'><strong>sua</strong></span> <span class='ocrx_word' id='word_1_193' title='bbox 403 2337 453 2374; x_wconf 89' lang='lat' dir='ltr'><strong>uon</strong></span> <span class='ocrx_word' id='word_1_194' title='bbox 471 2321 626 2391; x_wconf 84' lang='lat' dir='ltr'><strong>praetulerit</strong></span> <span class='ocrx_word' id='word_1_195' title='bbox 643 2321 805 2375; x_wconf 85' lang='lat' dir='ltr'><strong>usitatiorem</strong></span> <span class='ocrx_word' id='word_1_196' title='bbox 823 2326 1008 2382; x_wconf 87' lang='lat' dir='ltr'><strong>accusativum.</strong></span> <span class='ocrx_word' id='word_1_197' title='bbox 1026 2355 1059 2367; x_wconf 91' lang='lat'><em>-</em></span> <span class='ocrx_word' id='word_1_198' title='bbox 1089 2328 1172 2383; x_wconf 85' lang='lat' dir='ltr'><strong>liuta</strong></span> 
     </span>
    </p>
   </div>
   <div class='ocr_carea' id='block_1_3' title="bbox 157 2414 1176 2593">
    <p class='ocr_par' dir='ltr' id='par_1_3' title="bbox 157 2414 1176 2593">
     <span class='ocr_line' id='line_1_21' title="bbox 157 2414 1176 2497; baseline 0.014 -30"><span class='ocrx_word' id='word_1_199' title='bbox 157 2414 356 2470; x_wconf 75' lang='lat' dir='ltr'><strong>detInuisse</strong></span> <span class='ocrx_word' id='word_1_200' title='bbox 380 2435 489 2485; x_wconf 85' lang='lat' dir='ltr'><strong>mora,</strong></span> <span class='ocrx_word' id='word_1_201' title='bbox 514 2424 637 2472; x_wconf 83' lang='lat' dir='ltr'><strong>oausatua</strong></span> <span class='ocrx_word' id='word_1_202' title='bbox 661 2419 843 2487; x_wconf 83' lang='lat' dir='ltr'><strong>impedimenta</strong></span> <span class='ocrx_word' id='word_1_203' title='bbox 868 2432 895 2475; x_wconf 82' lang='lat' dir='ltr'><strong>at</strong></span> <span class='ocrx_word' id='word_1_204' title='bbox 913 2430 1065 2493; x_wconf 83' lang='lat' dir='ltr'><strong>promittens</strong></span> <span class='ocrx_word' id='word_1_205' title='bbox 1084 2437 1176 2497; x_wconf 85' lang='lat' dir='ltr'><strong>postea</strong></span> 
     </span>
     <span class='ocr_line' id='line_1_22' title="bbox 157 2517 1174 2593; baseline 0.015 -29"><span class='ocrx_word' id='word_1_206' title='bbox 157 2527 187 2564; x_wconf 81' lang='lat' dir='ltr'><strong>se</strong></span> <span class='ocrx_word' id='word_1_207' title='bbox 205 2519 348 2580; x_wconf 79' lang='lat' dir='ltr'><strong>venturum,</strong></span> <span class='ocrx_word' id='word_1_208' title='bbox 366 2531 417 2568; x_wconf 89' lang='lat' dir='ltr'><strong>non</strong></span> <span class='ocrx_word' id='word_1_209' title='bbox 435 2524 522 2569; x_wconf 87' lang='lat' dir='ltr'><strong>tamen</strong></span> <span class='ocrx_word' id='word_1_210' title='bbox 539 2517 652 2569; x_wconf 84' lang='lat' dir='ltr'><strong>veniens.</strong></span> <span class='ocrx_word' id='word_1_211' title='bbox 666 2544 702 2556; x_wconf 98' lang='lat'>—</span> <span class='ocrx_word' id='word_1_212' title='bbox 721 2521 899 2593; x_wconf 82' lang='lat' dir='ltr'><strong>opposita,</strong></span> <span class='ocrx_word' id='word_1_213' title='bbox 918 2522 1033 2577; x_wconf 80' lang='lat' dir='ltr'><strong>detendIt</strong></span> <span class='ocrx_word' id='word_1_214' title='bbox 1052 2527 1174 2593; x_wconf 80' lang='lat' dir='ltr'><strong>Vossius,</strong></span> 
     </span>
    </p>
   </div>
   <div class='ocr_carea' id='block_1_4' title="bbox 155 2613 1178 3591">
    <p class='ocr_par' dir='ltr' id='par_1_4' title="bbox 155 2613 1178 3591">
     <span class='ocr_line' id='line_1_23' title="bbox 157 2613 1175 2690; baseline 0.014 -26"><span class='ocrx_word' id='word_1_215' title='bbox 157 2628 216 2664; x_wconf 81' lang='lat' dir='ltr'><strong>cunr</strong></span> <span class='ocrx_word' id='word_1_216' title='bbox 235 2613 336 2667; x_wconf 86' lang='lat' dir='ltr'><strong>dicant:</strong></span> <span class='ocrx_word' id='word_1_217' title='bbox 354 2615 452 2668; x_wconf 89' lang='lat' dir='ltr'><strong>obdere</strong></span> <span class='ocrx_word' id='word_1_218' title='bbox 468 2615 568 2668; x_wconf 84' lang='lat' dir='ltr'><strong>toribus</strong></span> <span class='ocrx_word' id='word_1_219' title='bbox 586 2619 726 2684; x_wconf 86' lang='lat' dir='ltr'><strong>pessulum,</strong></span> <span class='ocrx_word' id='word_1_220' title='bbox 744 2618 866 2670; x_wconf 85' lang='lat' dir='ltr'><strong>obserare</strong></span> <span class='ocrx_word' id='word_1_221' title='bbox 883 2620 962 2685; x_wconf 84' lang='lat' dir='ltr'><strong>Iones,</strong></span> <span class='ocrx_word' id='word_1_222' title='bbox 980 2627 1116 2690; x_wconf 84' lang='lat' dir='ltr'><strong>oppositae</strong></span> <span class='ocrx_word' id='word_1_223' title='bbox 1134 2626 1175 2678; x_wconf 84' lang='lat' dir='ltr'><strong>Io·</strong></span> 
     </span>
     <span class='ocr_line' id='line_1_24' title="bbox 156 2713 1175 2788; baseline 0.014 -24"><span class='ocrx_word' id='word_1_224' title='bbox 156 2726 207 2777; x_wconf 84' lang='lat' dir='ltr'><strong>res,</strong></span> <span class='ocrx_word' id='word_1_225' title='bbox 226 2713 318 2766; x_wconf 87' lang='lat' dir='ltr'><strong>clatlrri</strong></span> <span class='ocrx_word' id='word_1_226' title='bbox 334 2715 439 2782; x_wconf 85' lang='lat' dir='ltr'><strong>obiecti,</strong></span> <span class='ocrx_word' id='word_1_227' title='bbox 458 2716 543 2769; x_wconf 86' lang='lat' dir='ltr'><strong>obiice</strong></span> <span class='ocrx_word' id='word_1_228' title='bbox 560 2718 664 2771; x_wconf 83' lang='lat' dir='ltr'><strong>clausae</strong></span> <span class='ocrx_word' id='word_1_229' title='bbox 683 2718 760 2770; x_wconf 83' lang='lat' dir='ltr'><strong>loros.</strong></span> <span class='ocrx_word' id='word_1_230' title='bbox 789 2720 829 2772; x_wconf 79' lang='lat' dir='ltr'><strong>Ac</strong></span> <span class='ocrx_word' id='word_1_231' title='bbox 842 2720 1076 2788; x_wconf 81' lang='lat' dir='ltr'><strong>Paoesnrroslv,</strong></span> <span class='ocrx_word' id='word_1_232' title='bbox 1087 2728 1113 2788; x_wconf 84' lang='lat'><strong>5,</strong></span> <span class='ocrx_word' id='word_1_233' title='bbox 1125 2730 1175 2778; x_wconf 79' lang='lat'><strong>48:</strong></span> 
     </span>
     <span class='ocr_line' id='line_1_25' title="bbox 155 2809 1176 2886; baseline 0.011 -24"><span class='ocrx_word' id='word_1_234' title='bbox 155 2809 297 2865; x_wconf 81' lang='lat' dir='ltr'><strong>obductam</strong></span> <span class='ocrx_word' id='word_1_235' title='bbox 322 2832 410 2868; x_wconf 78' lang='lat' dir='ltr'><strong>reram</strong></span> <span class='ocrx_word' id='word_1_236' title='bbox 439 2816 519 2870; x_wconf 83' lang='lat' dir='ltr'><strong>habet</strong></span> <span class='ocrx_word' id='word_1_237' title='bbox 547 2817 668 2871; x_wconf 78' lang='lat' dir='ltr'><strong>laudante</strong></span> <span class='ocrx_word' id='word_1_238' title='bbox 693 2819 848 2871; x_wconf 78' lang='lat' dir='ltr'><strong>Huscmo.</strong></span> <span class='ocrx_word' id='word_1_239' title='bbox 902 2817 1063 2886; x_wconf 79' lang='lat' dir='ltr'><strong>Appositum</strong></span> <span class='ocrx_word' id='word_1_240' title='bbox 1089 2837 1176 2873; x_wconf 83' lang='lat' dir='ltr'><strong>seram</strong></span> 
     </span>
     <span class='ocr_line' id='line_1_26' title="bbox 156 2911 1176 2987; baseline 0.005 -23"><span class='ocrx_word' id='word_1_241' title='bbox 156 2911 291 2968; x_wconf 77' lang='lat' dir='ltr'><strong>Heinsius</strong></span> <span class='ocrx_word' id='word_1_242' title='bbox 309 2918 386 2969; x_wconf 88' lang='lat' dir='ltr'><strong>unica</strong></span> <span class='ocrx_word' id='word_1_243' title='bbox 404 2918 531 2986; x_wconf 82' lang='lat' dir='ltr'><strong>probabat</strong></span> <span class='ocrx_word' id='word_1_244' title='bbox 548 2917 590 2971; x_wconf 88' lang='lat' dir='ltr'><strong>bic</strong></span> <span class='ocrx_word' id='word_1_245' title='bbox 609 2925 636 2971; x_wconf 90' lang='lat' dir='ltr'><strong>et</strong></span> <span class='ocrx_word' id='word_1_246' title='bbox 654 2918 724 2987; x_wconf 87' lang='lat' dir='ltr'><strong>apud</strong></span> <span class='ocrx_word' id='word_1_247' title='bbox 742 2920 884 2983; x_wconf 81' lang='lat' dir='ltr'><strong>Ovrnsnu,</strong></span> <span class='ocrx_word' id='word_1_248' title='bbox 905 2917 939 2970; x_wconf 82' lang='lat' dir='ltr'><strong>ot.</strong></span> <span class='ocrx_word' id='word_1_249' title='bbox 957 2917 990 2970; x_wconf 91' lang='lat' dir='ltr'><strong>ad</strong></span> <span class='ocrx_word' id='word_1_250' title='bbox 1009 2918 1110 2970; x_wconf 78' lang='lat' dir='ltr'><strong>Amorr.</strong></span> <span class='ocrx_word' id='word_1_251' title='bbox 1128 2917 1176 2983; x_wconf 91' lang='lat' dir='ltr'><strong>lll,</strong></span> 
     </span>
     <span class='ocr_line' id='line_1_27' title="bbox 155 3014 1176 3088; baseline 0.001 -22"><span class='ocrx_word' id='word_1_252' title='bbox 155 3017 198 3073; x_wconf 79' lang='lat'><strong>14.</strong></span> <span class='ocrx_word' id='word_1_253' title='bbox 218 3021 261 3067; x_wconf 84' lang='lat' dir='ltr'><strong>tt).</strong></span> <span class='ocrx_word' id='word_1_254' title='bbox 298 3017 354 3070; x_wconf 86' lang='lat' dir='ltr'><strong>Sed</strong></span> <span class='ocrx_word' id='word_1_255' title='bbox 372 3017 450 3071; x_wconf 90' lang='lat' dir='ltr'><strong>modo</strong></span> <span class='ocrx_word' id='word_1_256' title='bbox 468 3018 519 3071; x_wconf 83' lang='lat' dir='ltr'><strong>boo</strong></span> <span class='ocrx_word' id='word_1_257' title='bbox 536 3019 615 3073; x_wconf 85' lang='lat' dir='ltr'><strong>moda</strong></span> <span class='ocrx_word' id='word_1_258' title='bbox 633 3020 699 3075; x_wconf 85' lang='lat' dir='ltr'><strong>illud</strong></span> <span class='ocrx_word' id='word_1_259' title='bbox 715 3020 803 3075; x_wconf 82' lang='lat' dir='ltr'><strong>senoni</strong></span> <span class='ocrx_word' id='word_1_260' title='bbox 822 3019 923 3088; x_wconf 79' lang='lat' dir='ltr'><strong>aptius,</strong></span> <span class='ocrx_word' id='word_1_261' title='bbox 941 3024 969 3070; x_wconf 88' lang='lat' dir='ltr'><strong>et</strong></span> <span class='ocrx_word' id='word_1_262' title='bbox 987 3031 1054 3068; x_wconf 88' lang='lat' dir='ltr'><strong>nuno</strong></span> <span class='ocrx_word' id='word_1_263' title='bbox 1071 3014 1176 3083; x_wconf 87' lang='lat' dir='ltr'><strong>quidem</strong></span> 
     </span>
     <span class='ocr_line' id='line_1_28' title="bbox 156 3115 1176 3187; baseline 0.003 -23"><span class='ocrx_word' id='word_1_264' title='bbox 156 3115 199 3165; x_wconf 73' lang='lat' dir='ltr'><strong>vlu</strong></span> <span class='ocrx_word' id='word_1_265' title='bbox 222 3116 329 3181; x_wconf 77' lang='lat' dir='ltr'><strong>negabis</strong></span> <span class='ocrx_word' id='word_1_266' title='bbox 348 3119 498 3187; x_wconf 69' lang='lat' dir='ltr'><strong>oppositam</strong></span> <span class='ocrx_word' id='word_1_267' title='bbox 515 3120 599 3186; x_wconf 77' lang='lat' dir='ltr'><strong>magis</strong></span> <span class='ocrx_word' id='word_1_268' title='bbox 617 3120 753 3187; x_wconf 86' lang='lat' dir='ltr'><strong>quadrare.</strong></span> <span class='ocrx_word' id='word_1_269' title='bbox 789 3120 832 3172; x_wconf 88' lang='lat' dir='ltr'><strong>Da</strong></span> <span class='ocrx_word' id='word_1_270' title='bbox 858 3117 1050 3171; x_wconf 82' lang='lat' dir='ltr'><strong>constructione</strong></span> <span class='ocrx_word' id='word_1_271' title='bbox 1074 3119 1176 3167; x_wconf 82' lang='lat' dir='ltr'><strong>antem:</strong></span> 
     </span>
     <span class='ocr_line' id='line_1_29' title="bbox 156 3213 1177 3293; baseline 0 -26"><span class='ocrx_word' id='word_1_272' title='bbox 156 3215 258 3269; x_wconf 85' lang='lat' dir='ltr'><strong>tanna</strong></span> <span class='ocrx_word' id='word_1_273' title='bbox 274 3217 356 3271; x_wconf 88' lang='lat' dir='ltr'><strong>dura</strong></span> <span class='ocrx_word' id='word_1_274' title='bbox 373 3221 541 3293; x_wconf 64' lang='lat' dir='ltr'><strong>opposita</strong></span> <span class='ocrx_word' id='word_1_275' title='bbox 559 3236 638 3275; x_wconf 84' lang='lat' dir='ltr'><strong>sera</strong></span> <span class='ocrx_word' id='word_1_276' title='bbox 655 3220 689 3274; x_wconf 85' lang='lat' dir='ltr'><strong>ot.</strong></span> <span class='ocrx_word' id='word_1_277' title='bbox 707 3220 728 3277; x_wconf 83' lang='lat'><strong>1.</strong></span> <span class='ocrx_word' id='word_1_278' title='bbox 748 3223 775 3287; x_wconf 86' lang='lat' dir='ltr'><strong>t,</strong></span> <span class='ocrx_word' id='word_1_279' title='bbox 791 3224 824 3272; x_wconf 77' lang='lat' dir='ltr'><strong>tta</strong></span> <span class='ocrx_word' id='word_1_280' title='bbox 850 3217 926 3271; x_wconf 81' lang='lat' dir='ltr'><strong>labor</strong></span> <span class='ocrx_word' id='word_1_281' title='bbox 943 3214 1072 3270; x_wconf 72' lang='lat' dir='ltr'><strong>assiduus</strong></span> <span class='ocrx_word' id='word_1_282' title='bbox 1090 3213 1177 3267; x_wconf 74' lang='lat' dir='ltr'><strong>vicim</strong></span> 
     </span>
     <span class='ocr_line' id='line_1_30' title="bbox 155 3312 1178 3389; baseline 0.001 -25"><span class='ocrx_word' id='word_1_283' title='bbox 155 3312 241 3365; x_wconf 78' lang='lat' dir='ltr'><strong>hoste.</strong></span> <span class='ocrx_word' id='word_1_284' title='bbox 270 3319 310 3369; x_wconf 76' lang='lat' dir='ltr'><strong>Ae</strong></span> <span class='ocrx_word' id='word_1_285' title='bbox 326 3320 422 3386; x_wconf 82' lang='lat' dir='ltr'><strong>copula</strong></span> <span class='ocrx_word' id='word_1_286' title='bbox 432 3319 550 3374; x_wconf 78' lang='lat' dir='ltr'><strong>aabtoeu</strong></span> <span class='ocrx_word' id='word_1_287' title='bbox 568 3326 622 3373; x_wconf 86' lang='lat' dir='ltr'><strong>est</strong></span> <span class='ocrx_word' id='word_1_288' title='bbox 638 3326 719 3389; x_wconf 75' lang='lat' dir='ltr'><strong>auget</strong></span> <span class='ocrx_word' id='word_1_289' title='bbox 735 3320 787 3371; x_wconf 80' lang='lat' dir='ltr'><strong>alm</strong></span> <span class='ocrx_word' id='word_1_290' title='bbox 805 3319 876 3371; x_wconf 74' lang='lat' dir='ltr'><strong>voela</strong></span> <span class='ocrx_word' id='word_1_291' title='bbox 894 3314 1023 3385; x_wconf 75' lang='lat' dir='ltr'><strong>opposita.</strong></span> <span class='ocrx_word' id='word_1_292' title='bbox 1042 3314 1076 3367; x_wconf 86' lang='lat' dir='ltr'><strong>ct&#39;.</strong></span> <span class='ocrx_word' id='word_1_293' title='bbox 1090 3318 1178 3381; x_wconf 65' lang='lat' dir='ltr'><strong>aaa„</strong></span> 
     </span>
     <span class='ocr_line' id='line_1_31' title="bbox 155 3416 1178 3485; baseline 0.002 -18"><span class='ocrx_word' id='word_1_294' title='bbox 155 3430 237 3481; x_wconf 87' lang='lat' dir='ltr'><strong>qnare</strong></span> <span class='ocrx_word' id='word_1_295' title='bbox 260 3432 313 3470; x_wconf 92' lang='lat' dir='ltr'><strong>non</strong></span> <span class='ocrx_word' id='word_1_296' title='bbox 336 3416 451 3475; x_wconf 85' lang='lat' dir='ltr'><strong>debebat</strong></span> <span class='ocrx_word' id='word_1_297' title='bbox 466 3436 484 3475; x_wconf 83' lang='lat' dir='ltr'><strong>a</strong></span> <span class='ocrx_word' id='word_1_298' title='bbox 502 3420 602 3475; x_wconf 82' lang='lat' dir='ltr'><strong>Vomo</strong></span> <span class='ocrx_word' id='word_1_299' title='bbox 619 3420 688 3474; x_wconf 84' lang='lat' dir='ltr'><strong>eiiot.</strong></span> <span class='ocrx_word' id='word_1_300' title='bbox 704 3445 739 3464; x_wconf 90' lang='lat'><strong>-·</strong></span> <span class='ocrx_word' id='word_1_301' title='bbox 769 3418 857 3472; x_wconf 87' lang='lat' dir='ltr'><strong>buno</strong></span> <span class='ocrx_word' id='word_1_302' title='bbox 883 3417 980 3482; x_wconf 85' lang='lat' dir='ltr'><strong>diem,</strong></span> <span class='ocrx_word' id='word_1_303' title='bbox 1010 3432 1063 3485; x_wconf 85' lang='lat' dir='ltr'><strong>quo</strong></span> <span class='ocrx_word' id='word_1_304' title='bbox 1081 3417 1178 3472; x_wconf 78' lang='lat' dir='ltr'><strong>monita</strong></span> 
     </span>
     <span class='ocr_line' id='line_1_32' title="bbox 156 3516 544 3591; baseline 0.018 -23"><span class='ocrx_word' id='word_1_305' title='bbox 156 3529 214 3569; x_wconf 87' lang='lat' dir='ltr'><strong>maa</strong></span> <span class='ocrx_word' id='word_1_306' title='bbox 232 3516 306 3572; x_wconf 84' lang='lat' dir='ltr'><strong>andis</strong></span> <span class='ocrx_word' id='word_1_307' title='bbox 323 3526 352 3573; x_wconf 85' lang='lat' dir='ltr'><strong>et</strong></span> <span class='ocrx_word' id='word_1_308' title='bbox 368 3520 443 3591; x_wconf 62' lang='lat' dir='ltr'><strong>segni</strong></span> <span class='ocrx_word' id='word_1_309' title='bbox 460 3526 544 3591; x_wconf 83' lang='lat' dir='ltr'><strong>potes.</strong></span> 
     </span>
    </p>
   </div>
   <div class='ocr_carea' id='block_1_5' title="bbox 0 0 1513 4725">
    <p class='ocr_par' dir='ltr' id='par_1_5' title="bbox 0 0 1513 4725">
     <span class='ocr_line' id='line_1_33' title="bbox 0 0 1513 4725; baseline 0 0"><span class='ocrx_word' id='word_1_310' title='bbox 0 0 1513 4725; x_wconf 95' lang='lat' dir='ltr'><strong> </strong></span> 
     </span>
    </p>
   </div>
  </div>
 </body>
</html>
