3009 4725
483 357 670 433 TlBULLl
705 360 791 435 ΠΒ.
811 362 838 438 l.
857 375 883 432 ⁶.
1146 379 1197 451 23

208 546 377 648 Quisquis
404 560 439 617 et
461 561 634 633 occurret,
664 570 707 618 ne
733 546 844 647 possit
868 547 996 624 crimen
1023 551 1168 645 habere,

258 679 332 753 Stet
357 674 501 778 procul,
535 692 593 751 aut
614 672 680 749 alia
703 691 770 751 stet
792 677 914 777 procul
938 696 1016 756 ante
1042 682 1104 758 via.

206 808 264 885 Sic
286 806 360 881 ficri
385 804 484 879 iubet
509 805 584 906 ipse
608 803 711 894 deus,
732 804 783 880 aie
809 834 935 907 magna
958 811 1118 887 sacerdos

256 937 319 1011 Est
342 934 428 1009 mihi
452 932 571 1008 divino
597 932 778 1009 vaticinata
803 962 900 1011 sono.

168 1066 307 1140 ttHacc
333 1063 394 1137 nbi
417 1062 580 1138 Bellonae
605 1080 700 1138 motu
727 1081 778 1139 est
804 1065 947 1165 agitata,
988 1094 1051 1142 nec
1077 1095 1189 1147 acrem

261 1194 465 1284 Flammam,
495 1221 568 1269 non
595 1218 712 1266 amens
732 1193 874 1269 verbera
896 1212 985 1271 torta
1011 1198 1122 1275 timet:

205 1325 285 1426 lpsa
307 1323 458 1425 bipenne
479 1349 562 1397 snos
589 1320 701 1397 caedit
722 1320 868 1398 violenta
887 1322 1031 1402 lacertos

255 1452 501 1554 Sanguineque
524 1450 641 1526 effuso
664 1452 797 1552 spargit
821 1452 930 1530 inulta
957 1454 1073 1546 deam,

208 1580 346 1682 Statque
371 1580 460 1655 latus
483 1577 635 1682 praefixa
657 1605 757 1668 reru,
789 1598 856 1656 stat
879 1582 996 1657 saucia
1017 1601 1152 1685 pectus,

166 1725 205 1781 50
262 1709 307 1782 Et
331 1710 421 1784 canit
438 1716 604 1797 eventus,
638 1735 724 1810 quos
749 1708 816 1784 dea
840 1739 966 1810 magna
991 1731 1114 1789 monet.

107 1831 137 1882 ⁸
208 1836 376 1927 ‘Parcite,
400 1865 503 1939 quam
525 1837 675 1913 custodit
699 1839 827 1929 Amor,
851 1838 978 1915 violare
999 1842 1175 1943 puellam„

258 1968 309 2040 Ne
331 1967 449 2067 pigeat
474 1994 597 2067 magno
619 1984 703 2069 post
723 1966 885 2043 didicisse
908 1967 1008 2043 malo.

200 2097 377 2197 Attigcrit,
409 2096 568 2173 labentur
593 2126 693 2199 opes,
724 2116 762 2172 nt
787 2096 924 2174 rudnere
950 2114 1069 2173 nostro

254 2228 424 2329 Sanguis,
450 2245 489 2303 ut
514 2227 571 2303 hic
591 2227 700 2302 ventis
721 2228 950 2330 diripiturque
975 2227 1081 2303 cinis?

163 2356 249 2435 salte
273 2358 335 2434 tibi
361 2357 478 2434 nescio
504 2387 591 2461 quas
615 2357 718 2449 dixit,
751 2387 826 2435 mea
849 2358 966 2450 Delia,
998 2387 1146 2463 poenas:

259 2489 298 2564 Si
317 2508 430 2565 umen
456 2489 634 2582 admittas,
661 2490 707 2564 sit
730 2518 854 2592 precor
874 2489 934 2565 illa
956 2488 1047 2567 levis.

202 2620 281 2695 Non
306 2648 371 2721 ego
392 2638 426 2695 te
446 2639 587 2724 propter
611 2649 717 2723 parco
748 2621 831 2710 tibi,
867 2621 931 2695 sed
954 2638 1012 2695 tua
1037 2639 1145 2696 mater

255 2751 313 2825 Me
339 2766 450 2826 movet
475 2769 574 2853 atque
595 2751 666 2824 ires
693 2776 796 2823 aurea
821 2747 926 2823 vincit
951 2775 1046 2822 anus.

202 2881 294 2957 Haec
319 2881 405 2956 mihi
429 2899 461 2957 te
488 2881 629 2957 adducit
654 2880 804 2955 tenebris
830 2877 1004 2977 multoque
1027 2876 1147 2949 timore

159 3027 197 3083 60
253 3012 440 3112 Coniungit
459 3029 595 3087 nostras
622 3009 708 3086 clam
730 3009 898 3085 taciturna
917 3033 1058 3094 manus,

204 3141 295 3216 Haec
321 3141 524 3243 foribusque
545 3159 662 3217 manet
680 3157 784 3216 noctu
800 3165 855 3213 me
877 3135 979 3212 attica
993 3132 1181 3237 proculque

256 3272 441 3371 Cognoscit
464 3272 624 3373 strepitus
649 3298 704 3345 me
729 3270 884 3345 veniente
909 3265 1047 3368 pedum.

201 3402 284 3475 Vive
311 3403 370 3475 diu
394 3403 491 3492 mihi,
518 3402 628 3476 dulcis
654 3429 758 3476 anus:
783 3399 942 3502 proprios
969 3425 1033 3497 ego
1060 3395 1182 3485 te'cum,

254 3533 307 3607 Sit
332 3535 437 3609 modo
461 3534 535 3623 fas,
567 3560 676 3607 annos
700 3530 927 3606 contribuisse
950 3529 1059 3603 velim.

228 3863 259 3917 V.
272 3867 316 3917 42
341 3866 441 3920 Versus
462 3872 609 3935 corruptus.

227 3997 258 4050 t.
271 4003 315 4051 5³.
339 4000 532 4066 Atttgerit,
551 3998 661 4052 lectam
677 4012 737 4050 vera
756 3997 834 4049 tectio
850 3996 876 4047 in
892 3993 937 4046 tali
952 3991 1057 4044 affectu.
1094 3986 1181 4051 Vulgo

31 4152 35 4159 ,
152 4092 292 4166 Attigeria
313 4098 348 4150 nb
369 4098 473 4151 luania.
