3009 4725
594 446 779 513 TIBULLI,
1049 475 1198 519 clxxxvn

232 620 275 681 m
296 615 382 679 enim
403 638 460 680 nou
479 618 547 680 bene
564 623 685 680 cinctam
708 615 814 682 multis
837 617 871 682 in
892 619 970 684 locis
994 619 1104 684 dicunt
1125 642 1197 687 ors·

168 732 288 797 tionem
314 732 456 810 Tibulli3
490 732 593 794 inesse
617 731 813 811 inconnexa,
845 734 978 816 abrupte
1005 756 1071 798 non
1096 758 1196 819 pauca

170 844 204 905 in
228 846 279 908 his
301 845 505 907 carminibus.
556 841 713 926 Opposuit
734 864 768 907 ae
791 846 854 908 iam
875 848 951 910 olim
972 849 1046 910 huic
1072 869 1197 911 accusa·

170 954 252 1019 tioni
286 957 548 1021 Wunderlichius
585 970 616 1020 et
653 959 862 1039 complurium
898 962 1042 1024 locorum
1077 983 1196 1024 nexunt

172 1071 288 1132 meliue
319 1070 485 1151 explicuit3
521 1067 607 1131 idem
640 1073 742 1134 nostri
772 1071 998 1136 Commentarii
1030 1076 1086 1137 ubi
1116 1097 1197 1157 opus

175 1184 307 1245 iaciunt.
359 1181 421 1246 Sed
451 1205 521 1246 cum
553 1196 658 1245 tamen
691 1205 760 1247 non
792 1187 911 1269 ubique
943 1187 1072 1250 usitatas
1101 1190 1196 1268 uulgo

172 1296 335 1359 iuncturas
355 1297 468 1360 haheat
488 1309 600 1379 poeta,
619 1300 791 1378 generatim
812 1320 896 1361 nunc
917 1321 1077 1382 exponere
1096 1299 1196 1365 debeo

173 1408 213 1470 de
242 1411 302 1473 hoc
331 1411 529 1474 Trbullianae
562 1411 714 1473 orationis
745 1411 811 1475 eive
843 1414 919 1475 vitio
950 1415 1033 1491 sive,
1073 1426 1109 1480 ut
1140 1436 1196 1496 ego

173 1544 302 1599 censeo,
330 1525 458 1587 virtme.
511 1524 678 1586 Transitus
700 1526 795 1605 vulgo
817 1523 931 1589 dicitur
950 1525 1072 1605 adesse,
1099 1528 1158 1592 ubi
1176 1552 1196 1592 a

172 1637 237 1700 line
254 1640 317 1701 loci
335 1640 479 1721 proxime
496 1636 707 1703 antecedentis
724 1639 868 1720 cogitatio
886 1654 917 1702 et
930 1643 1030 1704 oratio
1047 1644 1197 1710 continuo

176 1764 209 1814 et
242 1752 308 1812 sine
341 1753 421 1815 saltu
453 1753 554 1834 pergit
586 1750 624 1814 ed
659 1753 832 1835 sequentia.
893 1753 958 1817 Ubi
989 1767 1093 1819 eutem
1125 1757 1196 1819 talis

175 1863 328 1924 transitus
358 1860 460 1940 deest,
498 1865 585 1926 hiere
619 1878 797 1948 queruntur
827 1868 1094 1948 compositionem.
1150 1871 1197 1931 Ac

175 1979 365 2061 plerumque
392 1998 467 2039 eene
496 1976 594 2040 iuncti
622 1991 698 2042 aunt
725 1979 788 2040 loci
816 1989 847 2039 et
877 1992 982 2061 partes
1009 1981 1070 2041 hoc
1099 1979 1195 2043 modo

173 2089 264 2174 apud
285 2089 452 2172 scriptores
474 2102 567 2175 atquc
589 2094 682 2155 etiam
700 2091 786 2173 apud
802 2092 981 2169 Tibullum,
1007 2091 1061 2154 sed
1081 2095 1197 2175 passim

173 2219 280 2268 tamen
310 2207 509 2286 negliguntur
538 2205 631 2268 etiam
661 2207 811 2271 transitus
839 2206 924 2290 apud
952 2208 1029 2271 alios
1055 2218 1086 2270 et
1111 2207 1198 2290 apud

175 2321 351 2400 Tibullum,
371 2321 428 2384 ubi
443 2319 661 2384 vehementior
678 2321 813 2404 impetun
830 2321 1009 2386 affectuum.
1051 2321 1102 2386 sic
1120 2323 1198 2405 eleg.

176 2437 203 2510 l,
217 2439 246 2495 1.
263 2456 343 2517 quae
361 2433 508 2513 sedatior,
530 2445 630 2496 arctes
645 2435 765 2518 ubique
782 2435 943 2500 iuncturas
961 2437 1071 2514 habet,
1092 2449 1197 2518 partes

179 2548 359 2627 interposita
389 2567 510 2609 summa
541 2547 696 2610 sententia
732 2550 894 2629 copulatae
924 2562 999 2611 sunt
1029 2571 1133 2633 neque
1161 2550 1197 2611 in

178 2660 329 2721 membris
349 2660 483 2741 partium
503 2658 675 2743 quidquam
697 2681 761 2722 non
782 2661 938 2738 vinctum3
962 2662 1016 2725 sed
1038 2664 1142 2727 statim
1162 2665 1197 2725 in

175 2770 317 2835 secunda
346 2773 442 2853 elegia
470 2774 600 2853 neglecti
628 2772 766 2851 vulgaris
794 2773 944 2834 transitus
971 2777 1113 2857 exempla
1143 2794 1197 2838 oc·

176 2899 318 2950 currunt.
369 2882 473 2963 Quare
500 2883 539 2949 de
565 2899 633 2950 tota
661 2907 696 2948 re
724 2906 810 2948 nunc
838 2886 1011 2968 explicabo.
1060 2886 1198 2949 Tensbis

177 3020 254 3062 vero
272 3012 344 3063 ente
367 2999 490 3076 omnia,
515 3019 579 3061 non
603 3018 683 3080 opus
705 3018 772 3062 esse
789 3009 826 3061 ut
846 3000 990 3080 proxime
1012 2994 1198 3060 antecedens

177 3109 333 3177 distichon
355 3114 440 3175 viam
463 3111 584 3174 muniat
610 3109 651 3174 ad
673 3112 854 3195 aequentia;
880 3123 984 3193 potest
1005 3131 1073 3175 non
1092 3110 1197 3191 minus

177 3237 261 3287 recte
282 3226 412 3289 omnino
434 3247 453 3286 a
475 3245 596 3288 summa
614 3226 767 3288 sententie
783 3223 1033 3288 antecedentium
1050 3222 1199 3288 disticho·

176 3356 252 3399 rum
277 3340 405 3400 nannet
429 3336 469 3400 ad
498 3338 676 3421 sequentia,
708 3337 807 3402 veluti
833 3339 922 3400 locus
949 3338 982 3416 l,
1004 3343 1042 3415 2,
1065 3344 1106 3398 30
1129 3357 1199 3423 sqq.

175 3452 277 3512 altera
300 3470 373 3533 pars
396 3464 444 3514 est
471 3449 633 3514 divisionis
659 3471 756 3532 supra
778 3455 874 3513 v.23.
890 3450 943 3513 24.
963 3451 1101 3531 positacc
1133 3471 1200 3514 non

175 3565 317 3647 pericula
348 3577 503 3629 nocturne
532 3566 622 3629 novit
649 3584 773 3641 amane,
787 3618 792 3625 .
807 3583 872 3626 non
901 3564 1012 3626 hiemis
1039 3566 1200 3628 molestiae

178 3691 309 3757 nocent,
334 3680 388 3740 ait.
431 3676 504 3755 Quo
528 3677 612 3740 enim
634 3677 704 3739 iure
728 3676 952 3758 postulaveris,
980 3690 1017 3739 ut
1036 3699 1200 3762 sempera

178 3787 311 3853 disticho
329 3788 370 3853 ad
391 3790 545 3853 distichon
566 3802 670 3871 serpat
689 3791 839 3853 orationis
861 3786 984 3851 nexus?
1025 3788 1092 3869 Ego
1106 3812 1201 3869 gran.

179 3901 283 3965 diores
305 3924 435 3987 quoque
454 3904 572 3967 formas
595 3901 722 3965 nervosi
738 3913 851 3985 poetae
872 3901 985 3980 leudo,
1008 3904 1064 3985 qui
1084 3902 1200 3983 poesim

176 4017 269 4079 ctiam
291 4016 380 4100 quod
401 4018 581 4100 complexui
599 4014 721 4078 cuidam
740 4015 944 4079 distichorum
967 4018 1073 4078 subest
1090 4028 1200 4094 totum,

179 4125 220 4187 ad
252 4130 313 4192 hoc
345 4132 443 4205 relect
477 4151 593 4194 novam
626 4149 731 4191 rerum
766 4140 885 4210 partem
919 4142 949 4190 ct
982 4130 1074 4192 talem
1110 4132 1200 4211 ponit
