3009 4725
321 391 372 466 40
631 391 817 466 'l'lBULLl
850 393 934 466 ΜΒ.
951 396 992 467 Π.
1014 409 1066 480 t„

365 579 465 653 Casta
490 574 625 676 placent
650 580 804 678 superis:
842 607 930 681 pura
951 611 1030 657 cunr
1056 602 1145 658 veste
1170 587 1279 660 venite

417 707 460 780 Et
485 706 645 780 manibus
671 710 769 807 puris
795 712 917 786 sumite
945 713 1047 788 sontis
1073 744 1206 816 aquam.

325 835 519 924 ttCernite‚
551 835 720 936 fulgentes
751 857 789 914 ut
815 859 869 918 eat
890 870 986 918 sacer
1008 872 1117 941 agnus
1143 844 1188 917 ad
1214 873 1290 919 aras

414 964 604 1066 Vinctaque
625 986 705 1067 post
729 968 803 1043 olea
830 972 976 1045 canditla
1002 973 1103 1047 turba
1127 1003 1251 1049 comas.

313 1099 340 1168 's
362 1094 421 1170 Dii
447 1095 568 1196 patrii,
590 1124 779 1197 purgamus
804 1128 924 1199 agros,
952 1129 1140 1202 purgamus
1162 1124 1328 1205 agrestes:

412 1230 482 1304 Vos
509 1226 598 1307 mala
620 1226 662 1304 tle
684 1231 811 1310 nostris
837 1230 951 1332 pellite
971 1230 1154 1324 limitibus,

363 1357 438 1434 Neu
465 1384 562 1456 seges
585 1355 700 1432 eludat
723 1388 865 1434 messem
894 1360 1073 1436 fallacibus
1098 1364 1232 1454 herbis,

323 1505 361 1562 20
417 1488 492 1560 Neu
518 1486 633 1562 timeat
654 1488 778 1563 celeres
805 1491 936 1565 tardior
961 1522 1050 1591 agua
1074 1493 1183 1595 lupos.

364 1617 453 1693 Tum
479 1617 609 1694 nitidus
635 1617 746 1720 pletiis
773 1619 923 1696 confisus
949 1624 1096 1698 rusticus
1122 1625 1214 1723 agris

400 1749 536 1847 Ingeret
560 1747 693 1823 ardenti
717 1751 862 1849 grandia
885 1752 979 1852 ligna
1004 1755 1101 1845 foco,

358 1877 544 1986 Turbaque
566 1906 765 1982 vernarum,
798 1883 905 1980 saturi
931 1883 1026 1958 bona
1049 1870 1148 1984 signa
1170 1882 1298 1972 coloni,

414 2007 526 2084 Ludet
550 2026 582 2082 ct
609 2037 649 2092 ex
673 2010 779 2111 uirgis
805 2003 935 2088 extruet
957 2033 1035 2088 ante
1060 2042 1164 2088 casas.

323 2136 537 2213 ztllrentura
562 2166 704 2241 precor:
741 2142 842 2215 viden
869 2161 907 2214 ut
927 2141 1083 2214 felicibus
1109 2140 1190 2213 extis
1267 2191 1271 2202 ·

416 2266 594 2369 Significet
617 2267 771 2370 placidos
796 2270 916 2341 nuntia
939 2267 1027 2341 libra
1054 2267 1161 2342 deos?

366 2399 467 2474 Nunc
492 2398 576 2474 mihi
596 2396 750 2470 fumosos
771 2397 891 2472 veteris
913 2397 1062 2501 proferte
1087 2396 1251 2472 Falernos

418 2527 575 2606 Consulis
602 2545 635 2602 et
658 2528 744 2603 Chio
772 2526 889 2605 solvite
916 2529 1026 2604 vincla
1054 2530 1149 2604 cado.

362 2661 452 2735 Vina
477 2659 568 2733 diem
596 2656 784 2735 celebrentz
824 2689 895 2734 non
921 2659 1007 2734 festa
1026 2659 1102 2734 lnce
1125 2657 1262 2733 madere

324 2805 362 2862 ³0
419 2790 480 2865 Est
505 2790 631 2882 rubor,
665 2810 815 2865 errantes
843 2809 875 2864 et
898 2788 985 2864 male
1009 2791 1098 2864 ferre
1123 2789 1238 2892 perles,

364 2920 435 2998 sed
456 2920 559 2995 ‘bene
574 2919 775 2995 Messalam’
792 2949 854 2994 sua
875 2920 1020 3022 quisque
1043 2921 1086 2994 ad
1104 2918 1227 3024 pocula
1245 2917 1346 3010 dicat,

417 3052 550 3125 Nomen
578 3067 611 3124 et
632 3050 782 3126 absentis
809 3047 944 3148 singula
970 3050 1073 3125 verba
1099 3067 1230 3125 sonent

371 3181 492 3259 Gentis
518 3180 710 3282 Aquitanae
737 3178 870 3254 celeber
895 3178 1043 3255 Messala
1072 3178 1253 3282 triumphis

418 3313 461 3387 Et
487 3341 611 3413 magna
637 3312 782 3386 intonsis
809 3312 918 3411 gloria
945 3314 1052 3388 victor
1077 3312 1165 3398 avis,

326 3443 447 3517 35an
474 3443 555 3517 ades
578 3443 759 3544 aspiraque
785 3443 886 3532 mihi,
916 3445 998 3517 dum
1021 3443 1169 3518 carmine
1195 3454 1311 3509 nostro

422 3572 592 3650 Redditur
617 3572 776 3671 agricolis
798 3575 908 3671 gratia
934 3572 1108 3646 caelitibus

369 3704 465 3775 Rura
491 3729 577 3775 cano
603 3703 761 3804 rurisque
788 3703 880 3777 deos.
907 3702 960 3773 his
983 3699 1051 3772 vita
1075 3696 1258 3799 magistris¹

419 3832 581 3907 Desuevit
607 3863 737 3937 querna
764 3833 887 3935 pellere
914 3830 1039 3930 glande
1064 3830 1208 3904 samem:

366 3963 418 4037 llli
444 3964 639 4065 compositis
668 3965 815 4064 primunr
844 3964 991 4038 docuere
1014 3960 1130 4062 tigillis

328 4106 365 4163 4ο
423 4095 589 4192 Exiguam
617 4093 717 4166 viridi
743 4093 867 4167 fronde
893 4095 1026 4195 operire
1054 4093 1213 4177 domum,
