3009 4725
487 244 597 309 LlBR.
619 246 675 310 lv.
720 247 847 315 (nant.
869 253 894 315 Ι.
1127 268 1189 324 383

172 445 265 501 peroro
283 427 387 481 studeat
405 432 432 478 et
451 423 533 478 maiar
550 423 608 492 ipae
625 425 735 491 posteat·
754 425 855 478 iratnmr
872 429 907 481 rlt
923 428 1019 496 doeur,
1037 447 1115 500 qnam
1133 449 1191 489 ma·

171 534 241 586 lorea
266 529 315 583 albi
340 527 401 580 aiut.
438 525 545 593 Magnia
571 525 743 578 autumnitano
768 542 834 596 opua
857 527 913 581 lora
936 529 970 582 ad
988 536 1074 586 mutar
1092 535 1189 600 laudea,

171 633 265 699 quibua
290 626 413 683 canendia
438 625 483 692 qui
504 624 628 677 certaturi
644 624 697 678 aiut
721 634 815 694 poetae
838 634 865 681 et
884 627 1019 698 pedealrea
1040 634 1188 704 aeriptorea,

171 732 197 784 ln
223 728 262 780 laia
288 734 318 780 ut
344 727 402 794 ipre
428 724 514 777 riotor
537 722 572 775 alt
595 727 675 792 optat
720 725 787 778 Poat
812 724 863 780 hoe
891 730 1026 784 exordium
1057 733 1087 785 in
1119 734 1188 786 duas

167 839 263 900 porte-r
286 825 413 898 dispescit
433 829 640 896 argumentum:
665 830 707 879 eat
724 825 838 880 Mentula
856 835 945 883 orator
962 832 1113 899 insigniret
1130 833 1188 886 bel·

152 933 234 986 ,lioua
258 928 333 993 dux,
360 941 409 980 ueo
433 924 485 979 dial
503 930 591 994 poteri
608 929 668 978 utro
687 927 714 979 in
738 942 835 994 gauere
853 931 999 999 maturuit,
1025 933 1072 987 aed
1090 934 1189 1002 pariter

170 1029 277 1083 excellit
294 1029 320 1080 lu
338 1034 458 1094 utroque.
495 1027 534 1079 Ao
557 1025 673 1095 primam
697 1026 803 1099 puidam
826 1029 861 1084 de
878 1033 1027 1099 eloquentia
1043 1036 1114 1101 agit,
1138 1035 1187 1089 aerl

169 1128 298 1193 breuiter,
320 1128 394 1179 eulua
417 1126 457 1178 air
480 1139 568 1179 eoram
593 1126 690 1195 populo
711 1132 740 1179 et
761 1129 787 1180 ln
811 1128 914 1182 indicite
930 1139 1078 1202 epactetum
1105 1151 1185 1205 porse

169 1228 299 1282 neminem
323 1224 417 1278 melina
440 1238 534 1291 regere
559 1228 587 1276 at
612 1224 703 1278 aedera
727 1226 827 1279 animoa
853 1227 971 1284 dicendo.
1007 1234 1037 1286 ln
1055 1250 1108 1301 qno
1126 1252 1185 1290 eum

170 1328 249 1379 etiam
267 1323 375 1378 Nertori
392 1329 420 1375 et
436 1322 526 1390 Ulyaai
544 1322 674 1391 praefert,
689 1322 750 1377 lieet
768 1325 812 1378 lile
831 1326 880 1378 tria
898 1330 1002 1383 raeoula
1018 1332 1128 1398 aluerit,
1145 1332 1187 1387 tta

169 1423 298 1477 diuturnis
322 1422 454 1476 modum
477 1438 526 1493 per
549 1423 639 1476 orbem
666 1424 747 1477 multa
771 1425 908 1493 dldioarttp
933 1445 966 1483 ao
988 1446 1048 1484 oum
1073 1432 1186 1487 fatorum

170 1524 273 1590 Ulyaaia
287 1522 490 1577 memorabilium
506 1523 677 1576 narrationem
696 1524 773 1577 attam
791 1530 909 1578 ornatum
927 1528 1033 1580 aarmlui
1049 1530 1185 1585 allaturam

168 1618 289 1672 erederet
312 1623 405 1687 poeta,
434 1623 561 1685 evagatur
585 1618 686 1685 longina
710 1623 739 1671 et
762 1623 846 1671 totum
869 1634 986 1674 errorum
1010 1622 1126 1682 ordinem
1151 1626 1184 1678 ad

168 1718 247 1770 linem
264 1716 435 1785 peraequum.
470 1716 521 1769 nn
547 1715 673 1770 abaointia
696 1717 729 1770 ad
754 1716 869 1768 ollarum
894 1735 982 1771 rerum
1002 1728 1124 1788 portem,
1150 1724 1184 1776 ad

168 1816 304 1869 militarem
331 1814 461 1869 Merulae
487 1813 589 1867 laudem
616 1794 814 1883 praedicandam
840 1816 935 1883 pergit
982 1818 1067 1874 Quem
1098 1819 1183 1872 locum

167 1911 206 1962 ita
222 1912 352 1975 mactarit,
370 1916 401 1963 ut
417 1910 544 1978 gradatim
562 1925 579 1961 a
597 1910 737 1964 minoritae
755 1909 788 1963 ad
807 1910 904 1963 maiora
922 1916 949 1963 et
966 1912 1077 1966 maxima
1091 1930 1184 1982 proee-

167 2006 257 2074 deret‚
283 2015 312 2062 et
336 2015 468 2078 postremo
492 2014 589 2062 tautam
609 2006 668 2061 lule
692 2008 747 2059 viro
768 2006 893 2076 praedicit
910 2009 1037 2076 gloriam,
1062 2019 1183 2078 quantana

167 2122 242 2160 nemo
260 2109 406 2162 mortalium
423 2115 560 2161 meratus
577 2114 626 2160 eat.
663 2106 772 2159 Orditur
796 2122 858 2159 vero
876 2125 891 2160 a
910 2109 1004 2176 peritia
1022 2111 1183 2163 marimen-

165 2206 242 2260 tiouia
259 2214 288 2261 et
304 2211 422 2274 taetioea,
438 2210 495 2263 aino
511 2225 565 2276 qua
583 2208 667 2263 bouua
684 2207 737 2262 dux
752 2217 811 2263 eada
829 2209 929 2294 nequit3
946 2216 1000 2262 tum
1019 2187 1087 2264 lacta
1104 2225 1184 2277 agre-

166 2303 210 2369 gia
228 2304 359 2368 celebrat,
381 2306 477 2356 bellum
496 2308 530 2356 ab
548 2307 692 2364 Octaviano
710 2311 736 2364 iu
760 2311 866 2379 illyrico
884 2316 912 2364 et
929 2309 1063 2365 Pannonia
1081 2317 1183 2380 gentum

166 2412 326 2462 memorant,
343 2400 370 2449 iu
388 2413 440 2464 quo
459 2399 590 2450 llleaaalae
607 2406 731 2468 egregiae
749 2414 837 2470 parter
854 2407 963 2462 luerunt.
999 2410 1057 2464 Neo
1075 2416 1182 2463 couleu-

165 2506 207 2553 tna
233 2498 352 2550 laudasne
377 2496 533 2565 praeterita,
561 2511 639 2562 porro
665 2500 744 2550 etiam
769 2501 803 2551 ad
827 2501 912 2552 lutura
937 2509 1036 2571 pergit,
1068 2527 1135 2574 quae
1154 2513 1179 2565 in

164 2606 296 2671 porterum
320 2613 367 2667 per
391 2598 483 2653 orbern
505 2602 631 2651 terrarum
655 2597 770 2650 Meaaala
793 2604 915 2665 geaturna
937 2602 980 2653 ait.
1022 2606 1088 2657 Cum
1113 2613 1181 2665 euim

164 2700 254 2754 conani
280 2705 382 2752 creatur
409 2711 492 2766 nuper
519 2695 645 2750 Kalendis
672 2695 798 2749 lanuariia
825 2694 1003 2761 magistratum
1031 2702 1181 2759 solemniter

164 2800 358 2870 auspicaretur,
382 2806 436 2853 tam
459 2797 686 2868 manifestarium
711 2797 807 2852 laroma
824 2796 933 2852 deorum
950 2814 1008 2853 erra
1027 2801 1098 2865 ulra,
1123 2813 1181 2856 orto

164 2916 212 2968 per
235 2900 379 2953 nniversam
405 2914 491 2952 rerum
514 2904 633 2955 naturam
651 2906 712 2971 port
737 2901 853 2969 priorum
869 2900 995 2955 monrium
1013 2906 1183 2968 tempestales

163 2998 230 3050 miro
253 2999 355 3052 rilentlo
381 3003 410 3051 et
436 2999 622 3064 tranquillitate
630 3013 641 3066 ,’
669 3004 698 3052 ut
723 2998 834 3052 dubitari
861 3006 974 3065 nequeat
996 3000 1134 3055 maximam
1158 3004 1183 3056 el

162 3096 273 3162 gloriam
298 3093 460 3149 destinatam·
497 3096 627 3150 lllearalae
653 3113 702 3150 neo
726 3098 813 3150 Gallia
838 3113 887 3150 neo
911 3098 1038 3168 Hispania
1061 3099 1183 3154 reairtere

162 3197 273 3263 poterit,
289 3197 327 3248 ait
345 3204 437 3264 poeta,
456 3202 558 3250 etcum
577 3198 686 3251 instaret
704 3198 800 3250 bellum
818 3197 941 3253 aduerunt
960 3200 1113 3264 Antonium,
1137 3202 1181 3267 qui

162 3297 296 3350 orientalia
323 3297 426 3366 imperii
457 3298 539 3365 captia
567 3299 698 3364 sociisque
727 3298 813 3349 multia
847 3298 1006 3366 imperabat,
1041 3306 1184 3365 auguratur

160 3409 241 3463 porro
260 3411 319 3449 enm
338 3396 451 3448 Africam
470 3402 498 3447 et
516 3398 665 3461 Aegyptum
692 3400 720 3445 et
738 3394 825 3446 Arium
844 3396 989 3453 universam
1007 3414 1066 3452 oum
1084 3398 1182 3452 victora

161 3496 279 3547 exercitu
298 3501 494 3564 peragraturum
513 3506 596 3557 usqua
613 3489 647 3542 ad
666 3491 763 3542 Oceani
781 3492 919 3549 ambientir
943 3497 1034 3551 undar·
1071 3497 1125 3549 Sed
1149 3514 1182 3551 na

160 3590 201 3644 laio
219 3594 322 3658 quidem
342 3611 428 3648 rerum
446 3595 504 3646 linia
519 3592 584 3655 erit;
625 3591 712 3643 datum
732 3599 773 3645 eat
790 3593 884 3648 homini
902 3598 1040 3663 singulari,
1058 3602 1087 3647 ut
1104 3598 1181 3648 etiam

160 3692 186 3743 in
213 3693 322 3746 alteram
346 3703 446 3762 partem
473 3694 544 3748 orbiu
572 3699 692 3761 penetret
718 3708 863 3759 nonamque
888 3696 1028 3745 australem
1055 3693 1181 3748 laetorum

160 3801 265 3842 anorum
288 3792 428 3859 splendore
450 3795 565 3863 impleat.
600 3793 630 3846 ln
649 3811 702 3862 quo
720 3801 799 3865 poeta
816 3808 883 3845 nora
901 3793 1063 3858 digreraioue
1081 3794 1181 3847 intenta

159 3892 244 3941 totum
268 3889 356 3944 locum
379 3891 414 3943 do
438 3893 565 3947 divisione
590 3908 714 3951 zonarum
739 3892 855 3964 exponit.
893 3892 979 3956 Atque
999 3887 1063 3943 haee
1079 3891 1183 3957 quidem

162 3984 196 4038 da
213 3984 337 4040 uenata.
373 3989 500 4056 Sequitur
523 3992 641 4047 exitur
666 3994 794 4056 carminis.
830 3989 944 4045 Fatetur
961 4004 1032 4045 nuno
1048 3990 1140 4044 ilerum
1158 4006 1187 4045 re
