3009 4725
316 363 361 468 γε’
552 401 831 472 conurnnrnu.
852 407 899 472 nn·
919 407 1093 474 urnunnr

314 585 447 649 spactnaae
466 576 580 644 uidetur,
598 578 668 645 qrrod
683 581 791 634 moncia
810 582 887 635 etiarn
906 584 1044 638 sacerdos
1062 591 1126 637 erat
1161 585 1229 646 Nam
1247 588 1273 642 lu
1292 586 1331 641 bis

314 679 460 733 fictionibus
477 678 540 731 altas
556 678 627 731 allud
644 663 915 750 sequuntur'poetae,
933 683 1088 751 minimeque
1103 686 1181 737 ellam
1198 686 1220 738 sl
1237 688 1330 739 sinailia

313 782 433 846 afferunt,
452 785 492 832 est
507 794 586 832 causa
602 779 700 848 ubique
717 780 818 856 eadem.
855 784 931 852 Apud
947 782 1078 835 Tibullum
1097 799 1159 836 vero
1176 783 1234 837 vide
1252 801 1329 851 quern
1364 787 1366 792 ’

313 878 421 949 pulchre
437 879 471 932 ad
487 878 515 931 ld
533 881 682 950 conspirent
700 884 801 948 omnia,
825 888 855 936 ut
873 884 945 937 lucus
963 884 996 936 ad
1013 897 1115 935 amores
1134 883 1218 936 iactus
1235 884 1327 954 depin-

312 985 401 1049 gatur.
436 979 503 1033 Nam
523 978 547 1033 lii
564 981 668 1049 odores,
685 989 777 1037 mutus
790 987 883 1049 arium,
901 983 1080 1038 defunctorum
1097 981 1207 1037 choreae
1225 988 1252 1035 et
1269 999 1328 1036 car-

312 1080 397 1145 mina,
420 1095 505 1133 nonne
522 1081 649 1135 eiusmodi
666 1092 727 1137 suot
744 1086 845 1149 omnia,
869 1084 962 1151 quibus
981 1085 1113 1138 molliores
1130 1086 1239 1139 allectus
1256 1086 1328 1139 enci·

312 1186 401 1233 tentur
418 1186 446 1232 et
462 1182 564 1233 alautur
581 1181 713 1235 mirifice?
748 1183 876 1235 blimnnue
894 1180 964 1248 quod
983 1183 1067 1236 intuli
1085 1185 1143 1238 loco
1157 1185 1237 1237 Amor
1251 1199 1329 1253 proe-

311 1281 348 1334 lis
364 1279 482 1362 misceti·
513 1280 589 1336 Quae
605 1296 664 1334 cum
682 1282 718 1334 ita
735 1283 794 1346 sint,
812 1287 921 1349 apparet
938 1281 991 1336 duo
1009 1299 1077 1350 quae
1094 1285 1204 1351 legimus
1221 1257 1344 1337 disdelsa·

312 1385 420 1451 propter
438 1380 542 1433 tertium
560 1381 645 1449 posita
658 1397 725 1444 enac,
743 1380 775 1432 ad
793 1380 862 1448 qnod
882 1397 949 1435 nunc
963 1382 1165 1436 accedimns-
1183 1383 1217 1437 V.
1227 1388 1272 1437 63.
1284 1387 1327 1437 ⁶4.

311 1480 355 1533 Al
373 1459 529 1534 iuuenum
549 1483 665 1535 series
682 1509 718 1521 -
735 1482 835 1536 ludit.
852 1545 857 1562 x
872 1483 913 1535 De
929 1483 1066 1537 saltatione
1084 1484 1194 1550 cogitari
1211 1499 1262 1536 nou
1281 1484 1329 1537 de·

312 1579 372 1646 bet,
402 1579 464 1647 qnia
482 1579 517 1633 de
533 1577 636 1634 choreis
653 1581 679 1633 iu
698 1580 790 1646 Elysio
808 1580 885 1634 modo
909 1581 1008 1634 dictum
1028 1588 1076 1635 est
1113 1581 1245 1635 Describit
1261 1597 1330 1634 nunc

311 1680 412 1750 proelia
433 1680 546 1734 ineunda
570 1681 680 1748 amoris,
704 1683 791 1750 qualia
816 1683 867 1735 iste
884 1684 958 1736 loeus
977 1681 1063 1736 habet·
1098 1683 1140 1736 Itn
1159 1683 1237 1736 etiarn
1254 1683 1330 1736 Mur·

310 1795 511 1836 consulemus
529 1780 657 1834 intellexit
674 1781 708 1833 ad
723 1780 819 1834 Horat.
837 1782 859 1848 l,
876 1787 903 1848 6,
922 1786 964 1836 ln.
1001 1783 1099 1851 Cogita
1114 1785 1195 1851 igitur
1210 1784 1329 1838 iuuenum

309 1882 405 1937 uenient
430 1887 458 1935 et
482 1882 624 1950 puellerurn
649 1883 727 1936 uariis
752 1884 853 1937 lusibus
876 1885 1008 1939 amatoriis
1025 1901 1055 1938 se
1073 1884 1247 1950 delectantes,
1271 1886 1329 1936 illos

309 1969 436 2051 i'nnpeturn
461 1981 586 2036 iacientes
607 1982 633 2036 in
653 1982 708 2050 lias,
727 1992 909 2054 penetrantes,
934 1986 1024 2039 nacula
1043 1986 1187 2054 rapientes,
1213 1984 1327 2036 iocantes

309 2081 389 2135 aliun
407 2097 467 2136 curn
483 2082 544 2135 alia.
579 2081 650 2136 Huic
676 2085 763 2136 sensui
788 2085 873 2137 oratic
899 2084 932 2137 ab
958 2084 1027 2136 omni
1052 2090 1127 2152 parte
1151 2088 1220 2150 apta.
1256 2081 1328 2132 Gun-

312 2182 425 2236 iectnras
449 2179 548 2233 inmane
573 2188 601 2234 et
625 2180 743 2251 implexa
768 2181 912 2235 refutarunt
934 2183 1096 2234 Ssnnnnrus
1121 2181 1147 2234 iu
1164 2178 1328 2234 Bibliotheca

313 2283 370 2336 crit
389 2299 416 2352 p.
434 2287 496 2349 nl„
523 2283 686 2336 Huscurrrns
704 2290 732 2336 et
750 2283 1004 2346 Wunnnnurenrua,
1022 2296 1088 2349 quos
1104 2280 1173 2335 ride.
1209 2282 1328 2348 Denique

315 2385 414 2454 optime
436 2383 647 2450 aLacnsrunrro
665 2392 697 2434 nc
716 2385 863 2437 restitutum
881 2400 921 2452 pr.
946 2382 1007 2444 bic,-
1036 2386 1176 2452 opponitur
1193 2383 1260 2435 enim
1279 2382 1328 2436 boc

211 2550 217 2559 Ι
312 2483 439 2537 distichon
457 2483 593 2537 commode
611 2483 839 2550 antecedentibus,
865 2484 925 2551 quia
943 2482 1030 2551 pergit
1047 2483 1081 2536 ad
1098 2482 1140 2547 id,
1159 2484 1232 2536 cuius
1251 2498 1330 2536 causa

312 2584 493 2639 antecedentia
510 2586 602 2654 posita.
622 2614 657 2625 -
685 2586 816 2639 miscet.
845 2584 1155 2651 Paoaoao.11‚2r‚e:
1182 2587 1248 2636 Cum
1264 2587 1332 2637 Ma-

312 2703 375 2739 vnrn
402 2683 498 2736 dolica
522 2684 615 2737 nsiscet
641 2684 777 2756 utrimque
802 2700 907 2738 menna.
936 2684 1066 2767 *Ceterum
1083 2690 1186 2739 constat
1203 2684 1280 2738 etlam
1297 2683 1331 2737 de

312 2786 470 2842 certantibus
497 2786 561 2855 ipsis
587 2787 744 2839 locutionem
770 2786 905 2853 usurpari,
933 2791 964 2837 ut
988 2786 1073 2838 Vrne·
1097 2786 1197 2853 Georg.
1216 2785 1251 2850 ll,
1267 2787 1330 2837 Μ

312 2891 360 2958 lll,
378 2894 441 2943 220.
458 2915 495 2928 -
524 2890 557 2943 V.
576 2893 620 2941 65.
640 2892 684 2941 66.
721 2886 849 2940 Absoluta
868 2886 952 2953 Elysii
971 2886 1145 2956 descriptione
1154 2888 1233 2955 ipsa,
1251 2892 1332 2940 restat

312 3000 343 3045 ut
357 3007 485 3062 praesens
503 2986 604 3039 Tibulli
622 3004 702 3039 casus
728 3002 761 3040 eo
780 2993 932 3052 revocetur,
958 2996 1066 3057 propter
1083 3004 1160 3058 quem
1178 2988 1248 3042 dicta
1272 2994 1333 3043 snut

313 3094 400 3162 priora
411 3092 504 3145 omnia.
530 3088 612 3155 ldque
627 3088 666 3141 iit.
691 3085 764 3139 Bene
779 3101 846 3139 nunc
863 3087 974 3155 positum
990 3088 1075 3142 illic.
1101 3089 1186 3142 Porro
1200 3097 1332 3156 myrtea

315 3200 408 3247 serta
425 3189 538 3244 suaviter
555 3185 689 3250 additurue
708 3186 767 3253 quis
783 3187 867 3238 nescit
880 3192 992 3253 myrtunt
1009 3186 1103 3240 Veneri
1117 3201 1217 3240 sacrani
1233 3187 1333 3242 inisse?

318 3294 353 3348 Et
377 3291 510 3360 insigni
534 3295 576 3343 est
593 3292 683 3341 oruata
702 3286 741 3340 bin
759 3288 822 3356 ipsis
839 3288 924 3341 sertis.
944 3314 978 3328 -
1011 3289 1096 3355 Atque
1118 3286 1184 3341 haec
1201 3287 1333 3343 hactenns.

316 3392 388 3445 Alias
405 3389 593 3459 descriptiones
611 3402 679 3441 nuuc
695 3402 747 3440 non
765 3403 902 3456 comparo,
923 3386 1015 3457 quodsi
1034 3395 1120 3441 tamen
1137 3389 1249 3442 Vrncrn.
1266 3389 1331 3442 den.

246 3534 252 3546 ,
316 3491 364 3556 Vl,
383 3490 436 3542 ubl
454 3506 510 3557 sqq.
529 3488 687 3559 inspexeris,
715 3487 825 3541 observa
842 3485 904 3554 qnid
923 3487 991 3541 luter
1008 3487 1108 3556 epicam
1127 3492 1155 3539 et
1171 3486 1276 3552 lyricam
1292 3483 1333 3536 ia·

316 3578 435 3640 bularuus
458 3590 638 3643 metationem
662 3588 817 3643 discriminis
837 3589 953 3654 intersit,
977 3589 1011 3642 de
1028 3606 1079 3657 qua
1098 3604 1126 3642 re
1142 3602 1193 3654 ego
1211 3585 1246 3639 ad
1264 3586 1335 3640 Prn-

317 3703 415 3743 unnnn
433 3688 560 3756 disputavi
587 3690 701 3744 Tounl.
719 3708 746 3761 p.
759 3689 830 3743 ulv.
848 3718 879 3729 -
907 3690 939 3744 V.
963 3694 998 3743 bi
1020 3706 1077 3760 sqq.
1112 3689 1239 3757 Sequitur
1266 3690 1335 3739 Tar-

318 3789 376 3843 rori
393 3788 543 3858 descriptio.
579 3789 676 3843 Credat
699 3790 792 3858 uliquis
818 3791 918 3843 nonnisi
937 3805 986 3859 per
1002 3791 1202 3844 associationem
1219 3787 1336 3841 idearum

316 3909 395 3962 quam
418 3891 507 3947 dieunt
534 3896 637 3959 poetam
663 3888 715 3943 hue
739 3889 889 3960 delapsum,
915 3896 995 3956 atque
1013 3896 1044 3942 ut
1064 3891 1142 3942 etiarn
1160 3887 1195 3940 de
1213 3889 1335 3956 opposito

316 3993 432 4060 dicatur,
458 4008 516 4047 curn
537 3992 571 4044 de
595 3990 687 4057 Elysio
705 3989 803 4044 dictum
822 3992 872 4057 sit,
899 4006 947 4045 nec
965 3990 1057 4044 dubito
1081 3991 1168 4044 multis
1187 3990 1224 4042 ita
1245 3988 1336 4042 visunt.

316 4090 358 4143 'l'u
377 4107 469 4145 caveas
488 4091 522 4144 ab
541 4104 631 4145 errore
652 4089 713 4157 tall,
733 4092 778 4157 qui
796 4090 983 4159 digroedouem
1002 4092 1103 4145 inanem
1121 4090 1216 4144 inierat
1234 4090 1260 4141 in
1278 4088 1338 4157 pul-

316 4187 470 4241 cherrimum
496 4204 608 4242 narnien.
645 4190 742 4243 Verum
767 4190 901 4244 consilium
926 4196 1020 4260 poetae
1049 4197 1178 4260 npertunn.
1214 4186 1282 4240 Naru
1307 4191 1337 4237 ut
