3009 4725
303 401 393 442 uxxu
717 376 774 438 DE
796 373 916 443 POESI

306 554 409 618 exitus
432 551 484 617 hic
508 549 665 615 adbibitus
688 569 801 633 perum
831 562 1012 635 perspectus
1040 539 1216 632 videantur.
1267 556 1329 618 Ca·

307 679 428 730 numur
450 660 776 750 nopoutoooidupo,
796 677 832 727 ut
854 665 937 729 fictio
957 667 1080 749 poetico
1105 679 1169 746 est,
1189 677 1260 731 ante
1282 666 1330 730 io·

305 799 402 845 nuens
423 782 571 841 clansam.
613 778 680 840 lam
704 789 779 859 post
798 779 957 862 querelas,
986 779 1195 857 hortationes,
1219 799 1331 862 preces

307 918 378 960 cum
400 916 466 957 non
488 892 649 978 aperiamr
668 894 778 970 ianua,
801 894 903 974 qualis
925 892 985 954 erit
1006 885 1132 957 exibis?
1175 892 1331 972 Discedet,

307 1010 410 1088 dicos,
433 1019 528 1091 poeto
553 1010 684 1071 coeleste
708 1009 860 1095 auxilium
881 1009 1049 1086 invocans,
1069 1024 1105 1072 ut
1128 1011 1172 1073 sic
1193 1030 1332 1075 commo·

307 1113 419 1189 ventur
436 1125 552 1209 puella.
594 1121 681 1187 Fieri
700 1124 745 1190 ite
767 1137 879 1206 potest,
901 1125 955 1188 sed
976 1115 1079 1207 potest
1102 1127 1218 1207 optime
1240 1127 1331 1208 etiam

309 1208 408 1303 aliter.
450 1239 591 1301 Primum
609 1239 695 1300 enim
715 1257 788 1300 cum
807 1238 953 1301 irrisione
970 1240 1093 1320 puellos
1113 1238 1201 1298 obire
1221 1249 1331 1319 potest,

311 1354 337 1417 si
357 1373 417 1435 per
437 1352 644 1416 mutationem
665 1351 838 1413 sententiae
859 1363 988 1430 repente
1007 1352 1126 1410 animos
1148 1361 1263 1425 sumat,
1280 1348 1331 1410 iu·

310 1480 360 1528 ret
378 1486 412 1528 se
435 1485 501 1527 non
522 1462 716 1542 rediturum,
738 1462 838 1525 rideat
858 1466 994 1544 puellam
1017 1474 1048 1526 ot
1067 1462 1214 1538 rivalem,
1234 1475 1330 1545 atque

308 1582 353 1644 ite
375 1579 469 1642 finem
490 1580 632 1663 imponat
655 1581 813 1663 querelae.
856 1574 950 1651 Quod
970 1595 1069 1657 genus
1090 1577 1194 1637 exitus
1215 1595 1332 1639 nervo·

309 1698 374 1759 sius
402 1697 514 1778 pungit
542 1697 662 1777 puellas
692 1705 724 1757 et
750 1713 851 1757 noros
879 1692 1021 1755 stimulos
1054 1693 1201 1755 ser-casmi
1237 1664 1334 1756 addit.

309 1811 357 1871 lta
378 1803 451 1874 iecit
470 1808 616 1873 Tibullus
644 1806 722 1886 eleg.
742 1799 768 1885 I,
791 1813 821 1870 5.
842 1805 897 1870 ubi
919 1807 1063 1890 Heynius
1092 1807 1213 1870 exitum
1238 1807 1334 1889 plane
1365 1867 1371 1879 ,

311 1922 448 2002 danmst,
463 1922 606 1999 Vossius,
627 1922 804 1999 Possouius,
826 1922 879 1983 abi
892 1921 1035 1984 inierunt
1055 1919 1143 2005 quod
1158 1941 1225 1983 non
1241 1922 1332 1981 inest.

309 2040 393 2105 Vide
414 2059 498 2102 nuno
523 2040 615 2101 aliem
641 2039 807 2103 rationem.
857 2036 936 2098 Cum
958 2049 1111 2097 amatores
1132 2032 1238 2094 miseri
1259 2043 1331 2093 ante

309 2154 662 2217 ianuom'lomentantes
678 2153 792 2229 passim
815 2146 995 2208 riderentur
1015 2167 1033 2205 e
1052 2145 1332 2224 praetereuntibus,

311 2270 404 2329 etiam
432 2264 506 2330 hinc
528 2263 594 2341 peti
620 2261 724 2339 potuit
744 2260 847 2317 forms
868 2254 990 2335 postica
1012 2256 1132 2333 exitus,
1162 2257 1190 2319 si
1212 2256 1248 2319 in
1268 2259 1331 2321 fine

308 2391 403 2462 poeta
426 2395 496 2439 cum
517 2369 731 2433 admonitione
755 2368 891 2428 risorum
913 2386 1044 2428 suorum
1065 2364 1259 2433 discedebat:
1289 2375 1331 2435 At

308 2504 359 2568 tu,
380 2489 436 2572 qui
458 2488 557 2547 laetus
577 2480 661 2542 rides
683 2482 765 2540 malo
784 2493 908 2556 nostro,
929 2492 1038 2542 caveto
1059 2482 1139 2544 Mox
1159 2483 1235 2546 tibi:
1264 2506 1331 2547 non

309 2609 367 2667 uni
387 2601 504 2665 saeviet
524 2617 625 2680 usque
646 2594 734 2657 deus.
786 2595 838 2657 Sic
859 2616 901 2656 ex
921 2593 1170 2659 consideratione
1192 2619 1331 2662 commu·

311 2721 360 2781 uis
376 2718 433 2780 leti
449 2716 593 2795 solatium
615 2714 743 2795 petitur,
767 2715 953 2795 animusque
965 2724 1079 2791 poetae
1100 2716 1220 2774 'erectus
1239 2715 1332 2775 etiem

309 2837 353 2897 ito
383 2837 418 2898 in
447 2829 700 2914 tranquilliorem
727 2840 841 2890 statum
867 2825 959 2890 redit.
1010 2826 1059 2890 lta
1085 2830 1159 2891 iecit
1187 2829 1333 2894 Tibullus

217 2928 222 2937 ι
310 2952 386 3031 eleg.
407 2949 432 3028 l,
453 2954 484 3009 2.
531 2944 629 3008 Posse
656 2940 792 3024 denique
815 2942 908 3003 etiam
930 2961 999 3004 cum
1024 2942 1167 3005 ianitoris
1189 2965 1332 3007 exsecra·

309 3066 397 3128 tione
429 3059 582 3136 abiri‚-si
614 3056 717 3119 huius·
737 3054 874 3115 maxime
902 3055 1010 3135 culpa,
1043 3053 1143 3118 discas
1170 3077 1212 3118 ex
1239 3055 1331 3121 ovid.

311 3181 437 3240 Amorr:
458 3174 482 3249 l,
503 3178 542 3253 63
572 3169 717 3231 Tibullus
743 3180 846 3229 tamen
867 3170 929 3230 hoc
952 3181 990 3230 ut
1008 3170 1159 3234 humilius
1180 3172 1332 3252 spreverit

310 3291 344 3350 in
365 3309 424 3349 sus
442 3288 541 3370 poesi.
571 3286 670 3347 'Haec
686 3274 847 3346 hactenus.
889 3283 940 3346 De
955 3285 1043 3349 exitu
1059 3284 1184 3349 abunde
1203 3284 1331 3350 dictum.

760 3478 868 3495 ff

395 3619 546 3683 Redimus
568 3643 651 3687 nunc
668 3622 706 3686 ad
727 3621 771 3703 id,
792 3623 880 3708 quod
897 3646 993 3708 supra
1007 3625 1205 3708 promissum.
1247 3622 1330 3687 Nam

309 3750 345 3798 ut
370 3736 465 3802 modo
495 3740 632 3818 exitum,
664 3742 708 3804 sie
729 3743 820 3825 prius
848 3740 1015 3805 exordium
1036 3740 1254 3823 descripsimus
1283 3739 1331 3804 di·

309 3864 407 3928 serto,
428 3854 514 3915 modii
532 3875 610 3917 vero
634 3863 767 3918 carminis
791 3859 1002 3939 mplicotimmr
1022 3858 1078 3920 vix
1099 3871 1212 3921 tactem
1234 3878 1331 3939 supra

309 3984 393 4026 nunc
416 3967 609 4032 commodius
639 3969 854 4047 tractabimus,
888 3981 996 4051 utpote
1024 3971 1165 4050 longiore
1191 3970 1329 4052 disputa·

309 4079 395 4165 tione
417 4093 568 4159 egentem·
