3009 4725
196 371 203 382 “
306 402 349 456 ao
536 388 817 457 conminuunt
839 389 885 457 nu
906 388 1079 457 munuum

562 654 904 759 nnuma
979 660 1049 732 111.

659 1030 965 1099 lNTRODUGTIO.

302 1226 390 1319 Post
416 1278 528 1334 pugnam
550 1263 681 1319 Actiacam
704 1272 844 1320 anuumno
868 1279 928 1320 ann.
946 1266 1007 1319 ltu.
1034 1265 1127 1319 lactans
1145 1264 1260 1319 Messala
1281 1264 1316 1316 ab

301 1365 420 1430 Angnmo
443 1363 567 1417 adversus
591 1365 733 1433 Aquitanos
758 1366 913 1420 rebellantes
938 1382 986 1435 pro
1009 1367 1116 1421 consulo
1140 1366 1233 1420 misum
1257 1369 1317 1418 erat

301 1475 398 1528 eosque
422 1461 612 1529 debellaverat,
641 1463 675 1517 cl.
699 1466 817 1519 hortu.
841 1463 875 1519 do
898 1465 960 1520 bell.
985 1467 1052 1520 civil.
1076 1466 1124 1533 tv,
1141 1469 1185 1519 db.
1216 1465 1315 1518 Tibull.

301 1560 369 1627 eleg.
384 1560 444 1613 vll.
479 1559 635 1615 Interluarat
653 1559 692 1615 iris
710 1562 789 1616 rebus
806 1565 885 1618 etiam
899 1565 1028 1632 Tibullus,
1044 1568 1089 1634 qni
1105 1570 1167 1619 ante
1185 1565 1318 1620 Actiacam

300 1672 415 1727 pugnam
429 1658 589 1713 valedixerat
604 1660 720 1725 militiae,
738 1675 798 1713 cum
815 1662 891 1716 civile
903 1662 967 1716 illud
984 1662 1081 1716 bellum
1098 1667 1179 1729 esset,
1196 1662 1222 1715 ln
1236 1661 1319 1729 Aqui—

299 1758 394 1812 taniam
411 1773 474 1811 varo
490 1759 565 1826 sequi
583 1765 720 1828 patronam
738 1776 861 1815 musore
879 1755 1010 1839 noluerat(
1051 1764 1165 1817 Peracto
1182 1760 1232 1816 boc
1249 1762 1318 1816 bello

301 1856 415 1910 Messala
432 1856 466 1910 ad
483 1857 617 1910 Orientem
635 1859 843 1927 componendum
860 1866 983 1914 evocatus
1001 1861 1125 1914 continuo
1149 1876 1165 1914 e
1183 1861 1270 1914 Gallia
1289 1859 1317 1913 ln

300 1954 387 2008 Asiam
404 1956 577 2024 proficiscitur
593 1972 643 2012 nec
665 1959 779 2013 Romam
798 1961 876 2014 rediit
898 1962 949 2015 nisi
971 1976 1030 2014 ann.
1048 1964 1129 2026 m,
1151 1960 1197 2013 nbi
1222 1960 1313 2013 trium-

299 2050 377 2121 phum
394 2056 459 2122 epit.
494 2054 615 2109 Tibullus
631 2061 719 2110 autem
736 2059 908 2116 comitabatur
920 2073 985 2112 eum
1002 2059 1079 2111 etiam
1097 2058 1123 2109 in
1144 2055 1195 2110 boc
1213 2056 1314 2121 itinere,

302 2158 372 2206 terra
389 2153 522 2221 marique,
538 2161 569 2207 nt
587 2155 640 2219 alt,
660 2171 684 2208 s.
702 2159 764 2221 δα,
781 2171 892 2223 sequena
912 2162 1061 2224 patronum,
1080 2153 1126 2206 sed
1142 2169 1206 2208 mox
1221 2152 1316 2206 morbo,

301 2258 434 2307 contracto
456 2253 561 2321 cogitur
586 2268 720 2307 remanere
742 2253 769 2305 iu
788 2253 903 2318 Corcyra
923 2252 1076 2306 abeuntibus
1094 2250 1198 2304 cetaria.
1237 2248 1315 2306 Quod

299 2350 397 2404 lactum
414 2367 472 2407 ann.
487 2356 550 2408 724.
567 2359 706 2409 auctnmuo
723 2359 750 2408 ol
765 2360 824 2423 poet
840 2359 976 2420 aestatem,
994 2356 1023 2405 ut
1041 2349 1108 2405 bene
1126 2349 1227 2418 colligit
1242 2350 1315 2405 Vos-

298 2466 356 2504 srns
375 2467 391 2504 a
410 2467 476 2506 vers.
494 2457 555 2521 dm,
578 2454 623 2507 ubl
646 2453 768 2507 lucernae
790 2454 953 2522 vespertinae
980 2451 1077 2504 mentio
1101 2449 1235 2503 breuiores
1259 2448 1315 2501 dies

297 2548 402 2602 iudicat.
437 2551 523 2619 atque
540 2552 590 2607 boc
607 2559 726 2621 tompore
744 2550 830 2618 elegia
847 2550 981 2621 proposita
999 2551 1104 2618 scripta,
1120 2564 1188 2618 quae
1205 2565 1221 2603 e
1238 2565 1316 2619 prae·

297 2650 461 2704 staatisslmls
478 2650 586 2706 Tibulli.
622 2651 764 2705 Videamus
783 2650 1006 2719 compositionem.
1041 2650 1149 2703 Summa
1173 2648 1239 2703 haec
1260 2653 1315 2701 eat:

297 2748 382 2803 Poeta
408 2760 518 2805 mortem
543 2751 592 2805 sibi
620 2753 717 2805 instare
740 2751 851 2806 credens
874 2752 900 2805 in
928 2749 1066 2821 peregrina
1090 2756 1160 2804 terra
1184 2749 1275 2819 procul
1299 2765 1316 2801 a

222 2885 225 2893 .
298 2849 496 2915 consanguineis
513 2858 542 2901 et
558 2865 574 2901 a
592 2849 668 2902 Delia
685 2849 833 2915 entissime,
859 2848 931 2902 luctu
957 2850 1056 2917 ingenti
1076 2849 1215 2918 corripitur
1231 2854 1259 2902 et
1275 2847 1315 2901 la-

299 2947 450 3001 mentabiles
473 2947 593 3016 querelas
617 2945 716 3012 fundit,
742 2946 823 3014 erigit
847 2953 934 3001 umen
959 2946 1054 3001 deiude
1072 2949 1185 3001 animum
1203 2953 1230 3000 et
1254 2945 1315 2998 dum

298 3046 447 3099 consolatur
464 3044 596 3112 dolorem,
622 3052 755 3113 postremo
774 3059 834 3098 enm
852 3044 1013 3100 obliviscitur
1029 3048 1084 3114 sic,
1110 3055 1141 3100 ut
1156 3049 1242 3101 exltnr
1260 3048 1316 3099 laa-

298 3146 411 3199 tissimus
432 3147 474 3198 sit
509 3144 646 3199 Enarrabo
671 3161 740 3199 nunc
764 3147 873 3214 singula.
910 3149 997 3216 Atque
1016 3147 1192 3201 exordium
1210 3145 1315 3213 quidem

300 3247 481 3311 proficiscens,
505 3250 535 3297 ut
552 3244 607 3296 lieri
626 3244 709 3309 solet,
732 3259 748 3297 a
767 3245 976 3313 praesentissimo
994 3260 1087 3310 sensu,
1118 3245 1202 3313 ipsum
1219 3248 1315 3296 statum

298 3341 485 3411 deplorabilem
509 3350 603 3414 poetae
626 3345 743 3400 tristibus
768 3346 854 3399 rerbla
877 3328 993 3402 exbibet
1040 3348 1108 3397 Tum
1125 3344 1242 3398 succedit
1258 3358 1314 3396 am-

298 3440 366 3507 plior
382 3457 468 3497 rerum
486 3445 572 3512 orbis,
595 3448 717 3515 querela,
743 3452 774 3500 nt
791 3448 835 3513 lit,
860 3446 893 3499 ad
919 3462 1010 3500 causas
1034 3450 1062 3496 el
1085 3445 1172 3496 tontes
1195 3441 1314 3495 miseriae

299 3539 440 3608 sedeunte3
463 3545 490 3596 io
509 3561 560 3612 quo
578 3546 664 3600 vivida
681 3544 807 3613 cogitatio
825 3550 918 3614 poetae
936 3543 1021 3597 omnia
1039 3543 1137 3606 tangit,
1154 3554 1221 3606 qnae
1239 3536 1315 3592 iruina

300 3637 350 3689 loci
369 3652 427 3691 erse
444 3639 605 3710 videbantur,
622 3641 729 3713 pulchre
746 3641 916 3711 progrediens
933 3657 949 3693 a
966 3639 1130 3709 propioribus
1148 3645 1176 3693 et
1192 3639 1317 3709 speciali-

303 3738 353 3791 bus
379 3737 413 3792 ad
439 3742 579 3795 remotiora
602 3750 631 3797 et
647 3744 809 3812 generaliora
826 3757 874 3812 per
890 3741 1079 3809 gradationem.
1113 3739 1231 3794 Primum
1249 3740 1318 3795 enlm

299 3857 328 3893 sc
345 3847 458 3909 accusat,
476 3841 546 3909 quod
564 3842 655 3898 Deliae
673 3846 759 3899 timori
774 3858 888 3912 suaeque
903 3843 985 3914 ipsius
1002 3848 1063 3896 ante
1081 3842 1222 3896 derasum
1239 3856 1317 3912 prae-

299 3942 412 3995 aeosloni
430 3960 481 3997 non
499 3942 639 3999 obsecutam
657 3951 756 3998 temere
773 3946 867 4000 abierit
880 3945 960 4000 inrito
975 3946 1080 4009 Amore,
1097 3960 1157 3998 cnm
1175 3943 1200 3995 vl
1218 3942 1317 3996 deacri-

301 4041 365 4095 bens
384 4045 485 4112 puellae
512 4061 600 4098 curam
623 4060 735 4111 tuasque
759 4049 951 4114 cunctationes,
974 4048 1048 4102 cuius
1074 4046 1227 4100 temeritatis
1250 4059 1318 4097 nunc

299 4154 409 4206 poenam
426 4159 456 4197 ae
476 4145 530 4214 pati
549 4145 678 4212 intelligit.
716 4147 830 4201 Accusat
847 4148 941 4204 deindo
958 4146 1056 4200 laidem
1075 4147 1229 4210 salutarem,
1247 4143 1317 4211 quod
