3009 4725
448 409 634 485 TlllULLl
664 407 749 481 ΜΒ.
772 412 829 484 ΠΙ.
849 424 875 486 1.
1122 416 1168 488 61

187 598 232 672 Et
257 624 343 696 vaga
370 624 463 671 nunc
491 614 581 671 cena
608 596 807 670 discurrunt
832 594 985 698 undique
1011 625 1139 701 pompa

239 726 374 829 Perque
402 727 473 799 vias
499 726 597 799 urbis
622 753 764 798 munera
790 753 920 827 perque
947 727 1086 804 domos:

170 856 325 945 5Dieite,
360 854 534 942 PierideS,
569 882 718 954 quonam
746 852 893 927 donetur
917 855 1048 930 honore

245 985 314 1056 Seu
337 1010 430 1071 mea,
460 1011 519 1055 seu
542 980 659 1072 fallor,
687 1010 766 1056 cara
792 983 923 1057 Neaera
948 1002 1070 1059 tamen.

196 1112 354 1185 Carmine
380 1112 565 1199 formosae,
601 1111 711 1212 prelio
738 1111 920 1212 capiuntur
944 1143 1083 1189 avarae:

247 1241 420 1330 Gaudeat,
449 1259 486 1313 ut
513 1240 618 1339 digne
644 1257 712 1328 est,
746 1241 899 1316 versibus
924 1242 982 1317 illa
1007 1245 1099 1318 meis.

193 1371 300 1444 Lutea
326 1369 387 1444 sed
414 1369 551 1443 niveum
576 1368 725 1442 involvat
748 1371 947 1446 membrana
968 1372 1134 1469 libellum,

153 1517 190 1574 10
245 1500 399 1575 Pumiret
427 1516 459 1573 et
486 1527 589 1574 canas
617 1498 756 1573 tondeat
782 1518 858 1574 aute
884 1530 998 1576 comas

151 1734 320 1803 servarunt),
353 1737 409 1790 elus
434 1738 520 1804 modi,
546 1735 616 1805 quod
643 1735 795 1804 Lygdamus
823 1741 854 1803 l,
879 1742 913 1791 14
942 1745 1046 1807 praeter
1075 1738 1174 1792 Tibulli

152 1847 253 1886 morem
269 1832 366 1883 etenim
384 1836 472 1902 posuit
489 1842 516 1887 at
533 1839 557 1900 4,
577 1839 612 1887 18
630 1834 758 1886 mundum
777 1850 825 1903 pro
843 1837 925 1889 oaelo.
950 1843 1085 1904 praeterea
1098 1836 1167 1889 Fer·

153 1944 272 1983 nameus
296 1930 426 1997 ircosus,
451 1934 540 1984 unicus
565 1933 668 2000 linguae
686 1932 798 1985 Latinae
822 1935 1004 2002 particularum
1029 1936 1171 2000 investiga-

153 2032 210 2095 tor,
235 2030 336 2081 monuit
359 2046 401 2083 me
425 2030 587 2097 Lygdamum
622 2031 845 2084 coniunctionibus
869 2031 946 2087 dom,
980 2031 1052 2103 quod
1075 2037 1102 2083 et
1126 2028 1174 2082 ubi

153 2142 227 2180 nsum
246 2142 296 2180 non
316 2143 392 2194 esse,
416 2129 538 2200 quamvis
556 2135 643 2181 autem
661 2133 694 2194 o,
707 2132 743 2181 29
770 2146 828 2184 eum
852 2130 1006 2196 indicativo,
1031 2138 1175 2200 postquam

153 2227 186 2289 4,
205 2228 238 2278 41
257 2242 315 2279 anm
330 2227 586 2295 plusquamperfecto
611 2227 793 2294 coniunxisse,
821 2245 880 2282 oum
904 2228 1023 2281 Tibullus
1049 2226 1172 2299 quamvis

156 2337 214 2377 rum
237 2326 417 2391 coniunctim,
443 2334 590 2397 postquam
613 2341 673 2379 cum
700 2327 817 2396 perlecto
844 2328 967 2397 copulare
991 2327 1174 2380 consuevisset

156 2420 235 2474 nihilo
253 2424 336 2476 minus
354 2423 395 2476 bio
412 2432 492 2493 poeta
510 2426 608 2477 nullutn
625 2426 704 2478 alium
729 2427 779 2479 sibi
800 2442 875 2495 qnam
894 2427 1043 2492 Tibullum,
1068 2427 1094 2478 in
1118 2431 1177 2478 arta

157 2534 235 2586 quem
261 2529 427 2586 sequeretur,
453 2524 600 2591 proposuitr
629 2521 698 2576 huno
725 2540 805 2593 opere
824 2541 871 2577 sno
895 2526 931 2577 ita
950 2526 1065 2589 effinxit,
1091 2529 1121 2575 ut
1145 2524 1173 2576 in

156 2616 256 2670 Tibulli
279 2617 357 2670 domo
383 2620 504 2686 scriptum
531 2622 617 2673 iuresz
645 2621 756 2687 danique
781 2621 848 2673 bunc
872 2624 950 2674 etiam
968 2639 1087 2676 versuum
1104 2622 1171 2675 faoi-

155 2715 282 2769 endorum
301 2717 452 2782 magistrum
470 2715 565 2771 babuit.
593 2720 619 2772 in
645 2734 721 2771 versu
746 2725 908 2786 pentametro
932 2725 1014 2772 artem
1034 2718 1093 2771 boio
1117 2736 1177 2773 cum

154 2816 202 2867 illo
220 2831 381 2868 communem
399 2816 431 2868 ad
449 2817 615 2886 Propertium
633 2818 695 2870 olim
716 2817 817 2870 ostendi
836 2836 862 2885 p.
880 2820 931 2869 2³2
959 2832 1028 2868 naue
1053 2814 1102 2869 boc
1127 2817 1176 2870 ad-

154 2912 255 2979 iiciam,
274 2929 333 2966 eum
351 2915 409 2982 ipso
427 2915 533 2967 Tibullo
551 2917 689 2969 onstiorem
715 2912 880 2968 hexametros
906 2915 990 2966 nullos
1013 2918 1073 2980 post
1099 2928 1178 2978 quar-

156 3021 212 3067 tum
238 3014 386 3069 troobaeum
411 3017 505 3070 incisos
534 3018 660 3086 posuisse.
689 3033 747 3070 num
771 3017 891 3070 Tibullus
916 3030 974 3068 oum
998 3013 1087 3082 primis
1105 3015 1178 3065 anuis

155 3113 198 3167 vel
222 3113 339 3167 Lucretii
366 3119 394 3167 et
418 3115 522 3181 Virgilii
549 3130 638 3169 euram
663 3129 788 3184 superaus
815 3125 847 3167 ea
871 3114 994 3167 inrisione
1018 3114 1055 3165 its
1079 3116 1179 3165 tantum

154 3210 235 3265 modo
254 3227 314 3265 usus
333 3218 403 3265 esset
419 3214 442 3265 si
458 3215 484 3266 in
504 3215 593 3280 qrrima
609 3213 709 3268 decima
732 3227 823 3266 versus
847 3227 920 3265 mors
945 3210 1098 3264 vocabulum
1121 3226 1179 3263 mo-

154 3309 320 3374 nosyllabum
345 3312 498 3365 collocasset
526 3312 573 3378 (1,
599 3316 631 3379 1,
655 3316 700 3366 tr.
732 3314 765 3377 2,
789 3315 834 3364 2³.
858 3316 905 3363 to,
938 3312 971 3373 4,
993 3313 1037 3362 (tl.
1063 3309 1179 3375 mr),

155 3412 252 3476 postea
269 3405 317 3459 bso
334 3408 390 3476 ipsa
408 3410 563 3477 exceptione
578 3415 681 3478 spreta,
706 3408 739 3462 sd
765 3422 842 3476 qnam
870 3422 920 3460 non
944 3406 994 3459 nisl
1012 3406 1052 3459 bis
1070 3407 1181 3460 recurrit

156 3502 200 3569 (1,
218 3508 252 3566 9,
268 3506 313 3557 39.
338 3504 390 3570 tv,
409 3509 442 3572 2,
462 3507 528 3573 17),
549 3511 694 3558 ceterorum
712 3506 832 3573 exemplo
852 3505 956 3572 paulurn
974 3504 1074 3557 remisit
1092 3504 1128 3571 (l,
1147 3509 1180 3569 9,

153 3603 199 3652 aa.
223 3601 269 3666 lv,
287 3606 313 3666 s,
330 3605 373 3655 ro.
398 3607 425 3667 s,
440 3607 466 3657 3.
490 3607 533 3670 ts,
549 3606 592 3657 rs.
616 3603 653 3670 u,
670 3608 696 3670 3,
716 3607 760 3656 ra.
785 3607 811 3669 4,
833 3607 876 3656 rr.
899 3606 926 3668 o,
947 3605 991 3658 33.
1009 3607 1053 3657 29.
1071 3607 1116 3657 er.
1135 3608 1179 3659 er.

154 3703 181 3762 θ,
198 3698 274 3767 23).’'
310 3700 484 3756 latomus.

225 3898 257 3954 V.
266 3904 292 3955 s.
311 3903 406 3956 meis.
443 3903 555 3959 Videtur
568 3904 602 3959 nb
617 3911 724 3959 auctore
740 3903 798 3956 tuis
814 3905 938 3974 seriptum
956 3919 1022 3956 esse.
1033 3929 1069 3941 -
1093 3902 1126 3957 V.
1136 3904 1179 3954 lu.

150 3991 206 4047 Pro
223 4005 347 4068 corrupto
359 4000 532 4068 Pontion,
551 4003 621 4070 qnod
642 4002 701 4056 libri
717 4002 825 4068 babent,
842 4003 963 4055 Puoorus
980 3998 1059 4052 offert
1073 4013 1180 4066 pumex.

151 4093 191 4146 Ao
207 4094 372 4153 floremus
388 4115 487 4170 purnes
506 4101 550 4154 oui
570 4102 691 4172 proponit
712 4117 753 4172 pr.
774 4100 895 4155 Pumicst
911 4108 954 4165 st,
978 4096 1084 4168 optime.
