3009 4725
443 253 553 317 LIBR.
575 257 631 321 lV.
673 257 802 324 CARM.
823 263 849 328 1.
1104 283 1166 338 385

146 436 293 499 comperet,
319 429 364 497 qul
389 430 510 483 similiter
536 447 641 485 munero
675 451 754 503 puros
780 452 830 491 son
854 449 985 511 respuant.
1033 446 1168 504 Trrctsuit

146 527 210 581 bsec
234 545 281 597 per
305 528 482 597 septendecim
508 546 598 584 versus
615 538 642 584 et
660 540 745 587 tomen
765 537 813 590 ium
833 555 856 592 v.
874 545 918 596 26.
936 545 1004 598 redit
1021 547 1114 601 lterum
1132 550 1166 603 nd

148 626 334 680 consessionem
357 628 476 680 similem·
511 628 595 680 Porro
619 628 645 681 in
668 633 740 684 exitu
760 642 895 703 postquem
915 640 1059 697 defuturis
1082 647 1167 700 ricto-

147 726 192 776 riis
212 727 341 778 Messalae
358 727 438 790 dixit,
464 728 486 779 si
504 729 657 797 simpliciter
674 732 831 790 addidissetr
859 740 920 791 Non
944 759 992 813 rgo
1017 746 1168 800 tumeatis

147 821 187 870 od
197 830 293 872 torrear
303 823 449 892 praeconio
467 823 558 877 luade
577 826 615 892 (r.
630 832 711 897 lii),
729 849 805 887 nemo
821 837 848 889 ld
865 839 921 892 iure
940 842 1087 911 vituperare
1104 861 1167 915 pos·

146 925 203 983 set,
220 928 392 974 consentanee
410 923 478 975 enim
495 924 554 975 tulis
573 927 692 991 repetitio
710 931 736 982 in
756 934 840 986 esitus
858 937 983 1008 principio
1001 948 1062 1010 post
1079 950 1166 999 mutue
1193 997 1199 1008 ,

148 1018 249 1071 iuturue
274 1022 373 1086 glorius
398 1022 617 1088 praedictionem
642 1026 690 1077 sed
714 1028 740 1080 in
765 1046 798 1082 co
822 1048 909 1087 rursus
934 1038 1039 1094 modum
1064 1043 1168 1097 excedit

149 1120 218 1185 quod
246 1122 349 1187 pergit:
382 1123 445 1189 Ipse
472 1122 538 1173 miii
562 1141 614 1174 non
643 1124 668 1176 ri
687 1128 856 1194 praescribat
887 1136 1007 1188 carmina
1034 1139 1167 1198 Phoebus.

149 1218 223 1269 Adde
242 1218 351 1286 denique
370 1221 456 1288 paullo
475 1227 534 1288 post
552 1237 575 1273 r.
598 1226 646 1273 191
665 1240 722 1291 sqq.
741 1226 842 1295 locum,
867 1232 912 1284 ubi
930 1234 1064 1289 submissis
1081 1241 1167 1294 uerbis

40 1357 50 1372 .
148 1318 261 1370 furorem
281 1319 409 1371 Messalae
426 1320 521 1372 ambite
546 1320 633 1372 nostri
650 1321 809 1391 supervola
826 1346 893 1381 curo
912 1332 956 1383 uir
975 1333 1026 1385 tili
1035 1368 1043 1393 ,
1060 1347 1167 1408 quanta

148 1414 227 1472 libet,
251 1417 276 1466 ri
292 1418 329 1467 rit
348 1416 438 1475 modo,
462 1437 514 1470 non
532 1419 598 1470 rnilrr'
616 1438 700 1491 reguo
717 1423 823 1491 Lydio,
844 1444 897 1479 non
915 1431 1008 1501 magni
1022 1433 1113 1501 potior
1130 1436 1168 1488 sit

144 1513 227 1585 famo
244 1514 360 1584 Gylippi,
377 1518 460 1566 Posse
475 1515 608 1570 Meleteas
624 1538 671 1571 nec
689 1519 794 1572 mollem
812 1524 915 1576 vincere
934 1525 1054 1584 chorios.
1090 1533 1167 1589 Quue
1262 1536 1264 1539 ’

149 1615 279 1682 quomodo
298 1618 399 1683 plscere
420 1625 527 1685 possunt
543 1619 684 1674 liberaliter
701 1622 813 1677 educato
827 1622 944 1680 hominii
980 1629 1035 1682 Sed
1053 1646 1086 1682 ne
1103 1648 1168 1686 con·

148 1719 201 1766 stut
218 1713 322 1779 quidem
339 1715 388 1768 sibi
406 1717 481 1783 piune
502 1724 595 1785 poete,
613 1720 657 1785 qui
675 1736 765 1773 revere
783 1725 870 1790 paullo
888 1726 946 1793 plus
963 1728 1012 1780 sibi
1029 1730 1167 1798 tribuebat,

149 1829 199 1865 nec
222 1821 274 1866 turn
296 1816 379 1868 leuem
403 1816 436 1868 de
461 1833 490 1869 se
513 1819 659 1885 opinionem
677 1820 790 1874 habebut
806 1840 882 1892 quom
902 1826 1042 1879 secundum
1061 1834 1168 1883 eutece-

149 1912 237 1965 drntie
255 1914 361 1980 credes,
386 1917 463 1983 idque
484 1919 592 1973 ridicule
610 1924 650 1974 vel
670 1921 782 1991 deipsis
801 1925 864 1978 iocis
884 1926 996 1979 ostendit
1014 1927 1058 1980 ubi
1076 1930 1168 1983 mode-

148 2014 223 2066 stism
241 2016 355 2069 alimini.
391 2018 437 2071 Sic
454 2019 541 2071 stetim
560 2026 620 2087 post
642 2022 725 2076 iocum
745 2022 824 2075 modo
843 2025 950 2077 slistum
969 2027 1070 2093 pergite
1089 2027 1169 2095 Quod

148 2109 198 2162 ribi
215 2112 241 2164 εἰ
256 2134 350 2168 versus
367 2127 457 2169 noster
474 2125 582 2169 eornm
600 2119 719 2173 minusve
741 2120 792 2173 Vei
810 2118 873 2174 bene
891 2122 928 2173 rit
946 2132 1042 2179 notus,
1066 2141 1167 2175 summo

147 2211 191 2262 osi
211 2212 310 2266 inerret
335 2216 364 2266 iu
388 2236 447 2276 ore,
475 2217 562 2269 Nulla
579 2220 645 2272 miii
663 2230 790 2274 statuent
802 2221 890 2290 finem
914 2230 941 2271 to
961 2220 1027 2283 sota
1047 2220 1167 2275 canendi.

151 2306 223 2357 Alius
247 2307 289 2359 lie
313 2311 465 2376 dupliciter
490 2315 613 2369 dinissetr
645 2321 746 2376 Quodsi
770 2336 861 2377 versus
887 2321 938 2376 mei
956 2322 1003 2375 tibi
1022 2337 1073 2375 nou
1093 2322 1169 2391 plone

151 2402 329 2468 displicuerint
346 2410 413 2467 etc-3
443 2403 484 2458 bic
508 2414 596 2463 sutem
620 2428 667 2464 cur
692 2425 768 2465 torus
791 2418 878 2482 addit,
904 2436 965 2475 cure
992 2421 1036 2473 orl
1053 2420 1114 2475 bene
1132 2421 1169 2473 sit

153 2496 258 2552 notus?
299 2500 425 2553 Similiter
450 2500 477 2552 in
502 2503 610 2554 exordio
636 2519 661 2557 v.
683 2509 719 2558 24
737 2522 808 2571 ηιμ
831 2512 876 2561 Ar
900 2515 1074 2587 quodcunque
1097 2539 1170 2573 meae

147 2606 280 2668 poscunt
297 2596 397 2649 cudere
415 2600 558 2655 Camenas,
583 2600 636 2649 Seu
655 2598 705 2649 tibi
718 2616 773 2668 por
790 2611 917 2668 poterunt
935 2624 998 2663 esu,
1022 2614 1095 2680 quod
1111 2632 1171 2681 oper

152 2692 266 2754 abnuit,
284 2694 375 2761 ultro,
392 2694 454 2747 Sive
472 2693 569 2751 minue.
587 2703 709 2768 certoque
727 2707 825 2749 canens
842 2699 937 2759 minuo,
956 2720 1030 2755 omne
1047 2724 1173 2763 vovemus

84 2838 90 2847 ,
150 2797 212 2847 Hoc
230 2794 294 2856 rili,
320 2811 367 2849 cut
386 2796 462 2853 dicit:
480 2812 529 2849 eeu
548 2795 599 2847 tibi
616 2814 672 2867 por
686 2806 836 2867 poterunt,
864 2816 897 2855 ite
915 2817 1022 2870 urgeam
1039 2809 1171 2872 sequentia

139 2895 264 2949 *insieme
279 2901 415 2964 corrupto,
433 2898 456 2950 si
473 2902 545 2951 unu
563 2904 605 2952 est
622 2899 760 2954 infirmius
779 2901 887 2968 sirium,
908 2910 1032 2972 qusntsm
1051 2920 1128 2972 suprs
1146 2907 1172 2960 in

155 2995 213 3048 eliis
237 2996 301 3049 locis
325 2998 500 3063 dpuibmviti
535 2998 608 3053 idem
632 3002 728 3057 ibidem
753 3004 841 3072 paullo
861 3009 922 3073 post
946 3008 1035 3073 optet,
1059 3010 1089 3057 ut
1112 3019 1173 3059 cunr

154 3095 228 3147 multi
247 3100 341 3163 poetes
365 3101 393 3148 et
416 3097 550 3164 pedestres
575 3100 716 3169 scriptores
735 3103 1023 3157 communitionis
1040 3105 1172 3159 Messnlue

153 3191 285 3257 canendo,
310 3194 367 3262 ipse
385 3194 469 3248 victor
485 3195 594 3262 erodet,
619 3200 728 3268 opinens
746 3201 827 3266 igitur
848 3202 903 3256 lieri
923 3218 1002 3272 posse
1021 3208 1050 3256 ut
1065 3210 1174 3272 superet

149 3291 200 3348 llos
217 3308 308 3347 omnes
326 3301 391 3348 urtn
433 3298 519 3362 Atque
536 3297 573 3349 itu
596 3305 739 3366 repugnat,
767 3306 797 3352 ut
814 3300 901 3368 vides,
925 3305 1013 3373 inepte
1032 3305 1082 3359 sibl
1106 3307 1171 3374 ipse,

149 3394 211 3458 quir
232 3393 293 3446 lieet
310 3393 414 3449 minim
430 3409 519 3447 curere
537 3409 567 3446 se
586 3394 718 3448 confidens
736 3397 857 3464 ingenio,
881 3402 958 3456 sinim
976 3409 1062 3473 tumen
1081 3406 1171 3472 quouis

148 3493 229 3545 ruodo
246 3500 354 3547 coortus
371 3510 434 3548 snos
452 3494 629 3548 extenuundm
653 3498 755 3550 censuit
772 3499 928 3557 sdulmimis
951 3520 1038 3559 cruos.
1056 3532 1092 3544 -
1117 3506 1171 3557 Du·

153 3586 270 3642 ducimur
288 3591 348 3645 binc
365 3595 400 3647 sd
423 3594 493 3648 aliud
518 3595 607 3648 vitium
627 3600 748 3651 curminis
773 3603 970 3668 expiandum,
995 3602 1065 3669 quod
1082 3603 1109 3655 in
1127 3602 1170 3653 ni-

153 3688 210 3738 snio
229 3688 386 3744 adulatione
404 3701 431 3747 et
448 3694 539 3749 lundis
556 3699 769 3768 exaggeratione,
781 3698 875 3768 inspic
894 3703 1007 3769 positum
1026 3708 1075 3755 cst.
1111 3702 1172 3756 Non

154 3783 340 3853 reprehendam
366 3806 419 3858 ego
443 3792 494 3848 tos
518 3797 621 3850 nominc
644 3805 716 3867 qnod
740 3799 846 3855 Nestori
872 3805 901 3851 et
925 3799 1015 3866 Ulyssl
1033 3800 1173 3856 ldessslsm
1219 3783 1224 3789 ’

151 3883 178 3934 in
196 3883 345 3949 eloquentis
362 3890 485 3958 prsetert,
502 3894 565 3948 illud
583 3897 670 3965 potin.
690 3908 749 3971 pm
765 3898 920 3970 displiceret
934 3901 957 3953 sl
973 3900 1174 3955 Demostbeueur

150 3984 198 4033 sut
223 3979 376 4040 Ciceronem
402 4002 436 4041 eo
462 3990 596 4049 humores
623 3999 747 4084 disum
795 3999 894 4058 Possis
920 3998 1040 4074 mptliics
1068 4001 1184 4069 erumpis

912 4104 955 4171 25
