3009 4725
311 409 373 464 too
548 395 827 467 COMMENTAR.
849 403 892 467 IN
916 404 1088 469 TIBULLI

310 598 420 654 regnum
440 574 582 630 Numitor
608 574 643 627 ub
667 586 762 629 serrato
786 586 881 645 petat,
907 580 1025 635 laudante
1049 580 1276 644 Wuuunurucmo
1304 604 1329 647 et

310 680 472 742 Huacuxro,
499 677 543 744 qni
569 676 661 729 iniuria
686 678 771 731 locum
797 680 853 732 citii
877 688 1028 750 autpertum
1053 680 1138 736 hubet.
1158 712 1192 723 -
1230 706 1326 757 auro,

309 780 392 831 Ovrn.
416 773 525 829 Heroid,
543 773 591 839 IX,
607 777 661 828 ⁶92
690 791 744 826 nou
765 773 867 843 puduit
886 776 980 847 fortes
1005 795 1074 830 curo
1098 777 1215 833 collidere
1239 783 1327 840 locer-

308 884 360 928 roc.
378 902 413 914 -
438 874 523 927 Porro
544 871 653 939 Tyrio
675 872 751 925 elna
776 872 861 940 quint
896 874 998 945 Nempe
1023 877 1134 932 habebat
1158 882 1245 934 tunica
1262 900 1325 937 cun·

308 978 369 1031 dido
392 976 529 1029 mullerem
554 974 580 1027 iu
605 979 713 1043 pectore
736 974 869 1042 portagium
893 991 916 1027 a.
940 978 1041 1032 clarum
1065 996 1223 1049 purpureum
1246 989 1324 1052 atque

305 1078 385 1130 etiam
402 1076 515 1130 intimam
532 1087 605 1127 oram
623 1071 713 1123 obibat
729 1086 875 1138 purpureus
893 1067 1003 1141 lirub‘rre,
1024 1076 1058 1130 ci.
1077 1076 1214 1132 Bouuure.
1234 1080 1322 1134 Sabin.
1364 1124 1366 1127 .

306 1174 339 1229 T.
349 1175 383 1227 ll.
402 1191 427 1242 p.
443 1177 487 1227 9⁶.
502 1175 547 1224 ao.
583 1168 662 1222 videa
677 1169 759 1236 igitur
771 1169 905 1225 Tibullum
920 1173 1029 1240 Tyrium
1047 1177 1131 1230 sinum
1148 1177 1163 1244 (
1166 1195 1324 1247 purpuram

305 1266 542 1334 Fatremclrmuclc)
566 1265 653 1319 dicore
678 1282 717 1335 pr.
743 1268 831 1320 tunica
853 1286 986 1339 purpureo
1004 1274 1187 1344 conspicienda
1204 1277 1270 1330 sinu
1288 1307 1324 1318 -

304 1365 751 1439 upta,beucviuctactornatu.
787 1365 1051 1434 iungentium·
1073 1374 1225 1442 prodeat.
1261 1377 1325 1431 Uci-

304 1474 385 1521 tatum
402 1466 437 1519 da
450 1463 601 1519 mulieribus
617 1463 725 1518 verbum
742 1471 773 1518 ut
789 1475 907 1534 constat,
929 1469 964 1524 cl.
985 1471 1088 1528 Huius.
1104 1474 1138 1526 ud
1156 1475 1234 1529 Ouid.
1251 1476 1324 1531 Fert.

303 1569 350 1633 lv,
367 1571 429 1620 30⁹.
447 1592 481 1604 -
506 1565 697 1630 Devoveat,
715 1567 790 1618 cuius
809 1583 897 1621 umore
915 1570 983 1623 adeo
1001 1572 1109 1638 insanit,
1127 1580 1229 1628 utrem
1247 1575 1322 1629 iuml-

302 1666 392 1720 liaram
410 1670 438 1718 et
455 1668 536 1717 totam
553 1662 658 1716 domum
675 1668 747 1718 tuam
765 1666 822 1718 eiua
839 1668 925 1732 gretia
945 1670 1055 1737 perdere
1073 1673 1143 1727 velit
1178 1673 1322 1743 Iunguntur

302 1783 358 1821 rea
383 1771 411 1819 et
435 1764 552 1818 domua
576 1778 656 1832 caepa
680 1766 755 1831 quaet
778 1781 812 1818 ex
829 1766 956 1835 formula,
981 1770 1031 1823 vid
1053 1771 1210 1827 licitumad
1230 1773 1320 1828 Horat

301 1865 386 1935 Epist
404 1864 427 1930 1,
445 1866 472 1930 d,
489 1866 532 1916 11.
556 1862 711 1920 Burrum.
730 1865 826 1920 Dictat
844 1867 877 1921 ad
894 1870 971 1922 ovid.
989 1869 1096 1924 Herold.
1110 1872 1196 1938 xvii,
1214 1878 1274 1928 159.
1287 1904 1320 1915 -

302 1966 405 2030 vitio,
432 1978 484 2018 non
508 1964 637 2033 pravitate
661 1965 756 2032 animi,
780 1970 832 2033 ait,
859 1968 906 2022 ced
932 1970 994 2023 odlo
1019 1971 1104 2025 meriti
1129 1972 1262 2041 podagrici
1288 1989 1321 2026 ac

300 2065 374 2118 aenio
393 2062 527 2131 decrepiti,

371 2161 404 2215 V.
420 2159 518 2214 ‘iti-ad
530 2161 617 2215 tinem
652 2160 786 2215 Exitus.
821 2162 977 2217 Tertium
996 2165 1173 2220 invehitur
1190 2171 1223 2221 ln
1242 2184 1319 2238 pue·

300 2276 370 2314 rum
388 2258 592 2327 obiurgans,
617 2265 720 2325 atqua
745 2259 848 2311 etium
874 2256 913 2311 de
939 2274 1048 2327 poena
1072 2262 1196 2315 lterum
1221 2263 1317 2330 diclt,

299 2360 387 2431 quod
406 2376 509 2429 cupra
527 2358 648 2414 abeona
668 2373 740 2411 eum
759 2358 864 2411 luaait
881 2358 915 2411 in
935 2364 1123 2428 porterum,
1149 2358 1248 2415 hulua
1267 2364 1316 2415 rei

299 2463 484 2517 triatitlam
503 2475 588 2514 uuna
605 2458 766 2529 pluribus
783 2460 973 2528 explicant.

370 2560 403 2615 V.
420 2564 457 2614 ro
474 2576 530 2628 sqq.
557 2557 733 2624 accubuit,
751 2562 830 2610 notu·
844 2558 915 2610 verbi
934 2572 1012 2624 arua,
1029 2558 1064 2614 cl.
1079 2560 1221 2614 horunc.
1239 2561 1275 2626 11,
1292 2565 1320 2627 3,

298 2669 343 2718 80.
360 2686 397 2700 -·
415 2662 580 2717 Venerem
598 2659 755 2726 iungere.
791 2656 947 2712 Locutionis
965 2661 1086 2728 exempla
1102 2668 1144 2729 eat
1160 2663 1242 2716 multa
1260 2663 1319 2716 vide

298 2782 341 2833 ap.
358 2762 460 2816 Hunno.
482 2760 516 2813 ad
542 2758 621 2814 ovid.
645 2758 756 2813 Remed.
775 2760 834 2813 Am.
851 2763 916 2813 401.
933 2787 970 2800 -
997 2758 1198 2815 Blanditiae
1220 2777 1318 2827 meae,

299 2863 360 2917 mitri
377 2861 486 2924 debitae,
503 2866 533 2912 ut
550 2874 613 2913 mox
630 2860 756 2914 oscula
772 2875 850 2913 mea.
886 2861 932 2914 Sic
951 2859 1062 2914 Hoaiu.
1074 2856 1164 2928 111‚'r,
1180 2866 1230 2916 11:
1247 2863 1318 2933 igui-

298 2961 348 3016 dor
361 2960 427 3022 tuis,
445 2959 489 3014 ubi
503 2958 536 3012 ci.
550 2958 774 3012 truncemu-
792 2961 881 3014 aliia.
899 2961 1012 3014 Pluralia
1023 2977 1082 3014 cum
1097 2960 1222 3031 emphasi,
1238 2965 1319 3018 veluti

298 3064 391 3131 tragici
410 3059 506 3114 Graeci
530 3073 610 3126 caepe
633 3059 726 3125 plurali
751 3063 873 3123 utuntur,
902 3058 937 3111 cl.
957 3057 1052 3112 Ηιςιι.
1070 3058 1103 3112 ad
1123 3060 1184 3127 vig.
1210 3078 1237 3130 p.
1254 3066 1317 3118 739.

298 3164 382 3217 Porro
400 3174 487 3230 puer
504 3158 597 3210 alter
621 3155 679 3223 (ein
697 3155 835 3224 zweiter),
851 3156 932 3222 aliua,
950 3158 995 3209 ubi
1013 3157 1066 3211 duo
1083 3158 1239 3225 cogitentur.
1276 3160 1317 3215 Gi.

298 3265 462 3317 Scaurum!
476 3257 509 3311 ad
525 3255 619 3310 Horat.
634 3254 882 3325 EplutL6,32-
900 3256 966 3310 Mox
983 3255 1027 3309 Et
1043 3264 1144 3325 geret
1161 3258 1193 3311 iu
1211 3274 1318 3328 regno

300 3377 408 3428 regua
432 3355 580 3428 superba
604 3361 678 3420 tuo,
704 3360 793 3422 potest
816 3352 898 3408 rideri
922 3370 981 3409 cum
1007 3333 1126 3410 acumine
1150 3355 1265 3423 dictam,
1289 3363 1318 3409 ut

298 3465 369 3513 amat
392 3475 501 3515 acumen
524 3470 677 3512 aarcaamua.
713 3455 815 3509 Tamen
840 3456 925 3510 aimlle
950 3456 1013 3510 nihil
1036 3457 1106 3527 apud
1123 3455 1256 3511 Tibullum
1273 3472 1316 3509 ra·

299 3559 387 3627 perio,
412 3557 481 3611 unda
499 3557 581 3625 probo
600 3554 670 3623 qnod
688 3554 769 3623 vulgo
786 3562 939 3624 receptum,
959 3555 1069 3628 gremio.
1103 3555 1154 3609 mr
1170 3570 1232 3608 uero
1249 3562 1316 3606 tuuc

296 3654 430 3730 grenaiue,
447 3655 491 3707 ubi
509 3660 538 3707 ιιι
555 3656 692 3722 regnabat.
711 3684 746 3696 -
772 3657 895 3711 Veneri
921 3658 1068 3711 merenti
1096 3657 1246 3711 dictamen
1262 3655 1318 3711 ior·

299 3759 369 3812 mnia
392 3773 432 3826 pr.
455 3755 606 3821 senatrici,
632 3773 699 3825 quae
723 3758 792 3812 bene
816 3760 926 3825 merult,
952 3764 982 3812 ut
999 3758 1112 3811 merenti
1128 3765 1170 3813 eat
1187 3756 1253 3811 inira
1270 3756 1319 3821 111,

298 3861 325 3923 d,
343 3861 388 3911 55.
434 3854 518 3908 Morio
535 3861 622 3908 antem
641 3862 699 3909 arat
715 3862 746 3909 ut
772 3856 816 3922 qui
834 3870 850 3908 c
872 3856 988 3924 periculo
1005 3856 1092 3923 aliquo
1111 3871 1206 3923 magno
1222 3855 1319 3909 aerrati

298 3962 401 4021 auant,
426 3954 477 4009 deo
496 3954 622 4008 narratori
640 3952 764 4006 tabellam
784 3951 972 4020 suspenderent
989 3954 1015 4007 iu
1034 3954 1134 4022 pariete
1153 3953 1242 4022 templi
1260 3967 1318 4005 cum

296 4056 478 4123 lnacriptione,
503 4051 632 4106 interdum
658 4050 736 4105 etlam
762 4050 877 4118 pictura,
904 4065 957 4104 reur
976 4051 1122 4115 ludicante‚
1146 4051 1181 4103 ci.
1198 4066 1278 4119 cupra
1298 4050 1318 4113 l,

296 4154 384 4214 ΜΘ.
422 4151 497 4205 Nunc
522 4164 643 4216 compara
669 4147 821 4203 Hune-crura
848 4147 867 4209 Ι,
887 4152 912 4209 5,
936 4150 978 4201 fin.
1000 4175 1033 4191 -
1066 4163 1169 4201 urrrer
1195 4148 1316 4215 poturo,
