3009 4725
335 427 384 503 18
647 423 833 500 TIBULLI
872 429 955 500 LlB.
975 430 1000 501 1.
1019 446 1045 502 5,

370 609 431 686 llle
457 635 539 708 ego,
570 636 650 684 cum
674 611 763 686 tristi
789 611 911 686 morbo
937 612 1072 691 defessa
1099 616 1243 708 iaceres,

330 758 365 813 10
423 739 474 811 'le
499 738 599 813 dicor
623 740 710 814 votis
740 741 906 843 eripuisse
928 744 1030 832 meis,

365 869 511 969 Ipseque
537 885 570 941 te
596 869 725 944 circum
746 870 887 945 lustravi
913 870 1042 946 sulfure
1065 899 1176 972 puro,
1228 932 1230 934 -

419 997 579 1071 Carmine
604 1025 682 1073 cuna
709 999 844 1097 magico
867 1000 1114 1101 praecinuisset
1135 1030 1239 1076 anus:

366 1127 444 1227 lpse
469 1127 651 1227 procuravi
677 1155 720 1202 ne
743 1147 883 1230 possent
907 1155 1006 1205 saeva
1032 1159 1156 1207 nocere

419 1256 581 1348 Somnia,
615 1276 665 1332 ter
691 1277 810 1334 sancta
835 1258 1072 1335 deveneranda
1096 1261 1205 1336 mola:

327 1389 447 1489 talpse
469 1415 535 1488 ego
561 1386 690 1463 velatus
711 1387 770 1464 filo
796 1388 987 1491 tunicisque
1010 1389 1131 1466 solutis

417 1522 506 1593 Vota
528 1546 650 1593 novem
677 1519 812 1594 Triviae
837 1537 937 1594 nocte
959 1519 1078 1596 silente
1099 1520 1190 1600 deti.

360 1647 487 1722 Omnia
512 1647 676 1749 persolvi:
714 1648 841 1723 fruitur
865 1678 959 1726 nuuc
985 1650 1070 1726 alter
1096 1678 1232 1741 amore,

413 1778 458 1850 Et
481 1777 642 1878 precibus
662 1776 744 1852 felix
768 1778 876 1854 utitur
895 1778 953 1854 ille
976 1780 1070 1856 meis.

369 1905 414 1982 At
439 1907 524 1982 mihi
546 1906 679 1984 felicem
704 1909 828 1999 vitam,
858 1911 888 1986 si
914 1910 1009 1987 salva
1033 1910 1176 2000 misses,

322 2055 359 2109 no
417 2038 606 2137 Fingebam
633 2037 794 2129 demens,
828 2040 890 2115 sed
915 2053 1078 2123 renuente
1101 2041 1178 2116 deo.

364 2168 460 2240 Rura
483 2165 604 2255 colam,
626 2166 835 2266 frugumque
861 2167 971 2239 aderit
992 2194 1067 2239 mea
1093 2166 1191 2240 Delia
1218 2184 1344 2259 eustos,

414 2294 505 2370 Area
533 2295 614 2368 dum
637 2320 764 2367 messes
790 2292 862 2366 sole
888 2291 1015 2366 calente
1041 2309 1143 2383 teret,

364 2425 434 2499 Aut
457 2423 541 2497 mibi
565 2420 713 2495 servabit
736 2419 848 2523 plenis
874 2421 911 2494 in
936 2419 1096 2495 lintribus
1119 2449 1201 2495 uvas

412 2553 603 2653 Pressaque
628 2549 735 2625 veloci
762 2549 909 2625 candida
936 2570 1048 2625 musta
1071 2549 1180 2653 pede,

321 2705 358 2759 25
367 2685 574 2759 Consuescet
598 2710 779 2761 numerare
811 2709 934 2783 pecus,
968 2699 1168 2756 consuescet
1200 2682 1343 2757 amantis

416 2813 586 2888 Garrulus
611 2814 647 2886 in
673 2812 832 2886 dominae
859 2811 976 2885 ludere
1002 2838 1106 2885 verna
1130 2811 1217 2885 sinu.

364 2943 426 3019 llla
453 2943 518 3017 deo
540 2943 623 3017 sciet
646 2940 816 3041 agricolae
843 2968 908 3042 pro
934 2942 1059 3016 vitibus
1080 2970 1199 3031 uvam,

364 3203 426 3279 Illa
452 3220 548 3302 regat
575 3218 733 3291 cunctos,
768 3199 815 3274 illi
843 3203 912 3276 sint
937 3203 1051 3275 omnia
1076 3230 1195 3278 curae:

322 3357 360 3413 30
409 3337 453 3410 Et
477 3336 569 3411 iuvet
592 3333 629 3407 in
654 3350 722 3408 tota
745 3359 800 3408 me
823 3332 909 3406 nibil
936 3362 1008 3408 esse
1036 3333 1148 3408 domo.
1187 3376 1192 3383 ·

363 3471 440 3542 Huc
465 3466 576 3540 veniet
601 3461 749 3555 Messala
775 3491 890 3552 mens,
923 3465 976 3537 cui
1003 3462 1115 3536 dulcia
1141 3486 1242 3561 poma

414 3595 513 3671 Delia
540 3594 670 3670 selectis
695 3592 852 3667 detrahat
878 3591 1077 3668 arboribus:

417 3075 487 3149 Pro
512 3091 624 3173 segete
651 3071 783 3173 spicas,
817 3099 882 3173 pro
904 3101 1006 3171 grege
1030 3071 1119 3146 ferre
1145 3073 1277 3174 dapem.
1492 3028 1496 3286 1

1492 3473 1494 3515 i

396 3835 428 3889 V.
442 3800 485 3885 ll.
510 3838 544 3885 te
568 3839 653 3898 recte,
678 3839 708 3885 nt
729 3831 837 3885 videtur.
874 3828 961 3895 Vulgo
979 3836 1020 3878 ter
1039 3827 1138 3882 incerto
1156 3831 1270 3881 anctore.

396 3944 428 3995 V.
439 3947 482 3995 3⁰.
499 3942 580 3995 'Lturt
600 3940 736 4003 Adiacet,
757 3938 834 3991 lusui
854 3937 895 3991 Ae
913 3937 1003 4003 iuvet,
1030 3938 1100 4006 quod
1119 3938 1232 3992 restituit
1249 3936 1342 3988 lascu-

324 4058 445 4095 uuvuus.
482 4041 568 4104 Vulgo
580 4037 621 4089 Et
640 4038 694 4089 iuv
703 4042 734 4087 et
750 4039 851 4091 incerto
865 4045 981 4104 auctore,
996 4053 1062 4105 quae
1076 4037 1172 4103 optima
1185 4037 1344 4100 coniectura,

322 4145 414 4207 utpote
435 4138 460 4189 io
477 4134 668 4188 continuatione
688 4136 841 4188 sententiae.
