3009 4725
468 331 577 393 Llsstt.
601 331 655 391 lli.
699 329 820 392 ELEG.
842 333 868 394 l.
1126 344 1186 401 321

240 515 272 568 V.
297 507 390 563 ib-ad
410 508 452 562 tin.
497 505 620 560 Altera
647 521 728 575 pers
756 521 867 560 reram
896 513 974 577 post
1002 511 1189 572 exordium.

170 617 251 669 Orat
274 612 388 665 Massa
413 615 449 662 ut
472 607 634 661 deserant
660 608 802 674 librum,
827 614 861 662 et
884 609 1040 664 mandata
1065 611 1109 665 iis
1133 613 1191 667 dat

167 712 206 765 ad
233 710 391 780 puellam.

239 812 272 862 V.
291 813 326 861 ib
344 824 402 875 sqq·
439 806 478 858 De
504 803 696 873 praepositione
721 806 786 858 Per
815 807 841 859 in
860 807 977 862 formulis
1002 810 1149 865 obtestandi
1173 828 1191 867 a

168 925 231 963 essu
248 923 297 960 suo
315 909 415 959 remota
436 903 470 955 ci.
488 900 521 954 ad
542 901 564 966 Ι,
583 905 610 965 5,
627 906 653 953 i.
673 927 706 938 -
736 900 929 959 Castaliam
955 909 1103 965 umbram
1128 917 1190 981 pata

169 1009 262 1060 laureti
279 1005 395 1059 Castalii.
432 1003 647 1055 Baoucruusrus
666 1009 801 1070 comparet
818 1004 922 1061 Samso.
937 1009 1004 1062 Oed.
1016 1014 1085 1064 2762
1102 1014 1192 1065 Fran·

170 1107 261 1179 defero
284 1114 397 1157 sanctae
420 1119 527 1154 nemora
553 1099 692 1152 Castalius
715 1110 810 1169 petens
834 1102 957 1157 eatcavit
975 1108 1060 1162 oretis
1076 1107 1191 1163 obsitum

170 1205 258 1280 dussis
279 1204 340 1257 iter.
377 1202 451 1256 Adde
474 1202 622 1254 Paoruau.
639 1197 688 1263 ΙΙΙ,
705 1202 732 1262 3,
759 1201 809 1251 les
839 1200 964 1252 Castalia
988 1204 1130 1271 speculans
1155 1224 1189 1259 ex

171 1303 265 1358 arbore
280 1300 413 1356 Phoebus.
450 1300 531 1355 Vides
550 1304 638 1350 autem
655 1295 820 1362 Lygdamum
838 1300 935 1352 rariora
952 1315 1094 1369 quaerere3
1112 1320 1193 1371 quae-

170 1409 222 1458 site
243 1411 283 1457 eat
301 1405 368 1455 enim
386 1401 450 1455 baec
468 1397 616 1453 obtestandi
635 1397 745 1449 formula
765 1414 813 1466 per
831 1399 971 1453 Castaliam
991 1401 1108 1455 ambram
1128 1405 1192 1458 Pie·

172 1505 276 1569 riosqoe
300 1503 372 1552 lacus
396 1507 423 1552 et
447 1500 551 1551 minime
577 1496 700 1563 uulgaria.
718 1497 777 1549 sec
801 1497 864 1564 qaid
889 1499 967 1553 affert
989 1500 1193 1574 digaumltaato

172 1603 263 1656 biatu?
300 1603 367 1654 Oret
393 1599 479 1651 atad
504 1598 633 1651 Neaeram
659 1603 736 1662 eant,
764 1604 791 1649 et
816 1597 911 1650 librum
937 1599 961 1651 ei
979 1599 1094 1652 donent!
1130 1602 1191 1655 lure

173 1710 247 1756 notet
266 1709 368 1770 poetam
387 1699 584 1752 Esousrsarus.
621 1698 723 1767 Nempe
742 1698 838 1750 auditis
855 1698 989 1752 Musarum
1009 1701 1109 1767 verbis,
1133 1718 1192 1756 cum

174 1803 287 1854 maxime
305 1800 408 1867 placeat
424 1797 512 1850 datum
537 1796 688 1861 consilium,
713 1796 763 1848 iam
789 1793 876 1847 vivide
898 1804 957 1850 oret
974 1806 1005 1854 ut
1023 1802 1100 1853 etiem
1118 1800 1193 1855 deie-

174 1912 233 1956 rent
258 1902 351 1955 librom
378 1908 405 1954 et
430 1902 468 1953 sic
491 1899 628 1952 absolvant
651 1914 757 1967 operum
776 1900 935 1967 praeclaram
952 1917 1025 1955 suem
1045 1903 1071 1956 in
1089 1903 1138 1957 bae
1154 1920 1192 1957 re.

175 2003 250 2055 Haec
268 2002 370 2054 uidetur
393 2017 451 2053 esse
477 1999 533 2051 eius
551 2013 643 2062 mens;
670 1997 759 2064 inepte
777 2013 839 2050 uero
858 2003 910 2050 tum
929 2001 1064 2067 magnilica
1083 2001 1192 2055 formula

177 2105 268 2157 utitur.
288 2131 323 2141 -
341 2102 394 2155 Ite
413 2101 559 2164 domum,
577 2098 634 2150 scil.
653 2098 764 2165 puellae.
801 2098 893 2151 Paullo
911 2099 1023 2154 brevius.
1040 2127 1075 2139 -
1093 2103 1193 2156 Sicut

175 2206 262 2271 erit,
281 2203 305 2258 b.
321 2219 344 2257 e.
364 2205 448 2272 qualis
468 2203 531 2266 erit,
549 2200 594 2253 ubi
612 2200 731 2252 absoluta
750 2200 846 2253 suerint
862 2200 926 2256 baec
944 2210 1109 2271 ornamenta,
1127 2221 1194 2273 quse

176 2307 255 2361 modo
280 2307 459 2377 praecepistis.
496 2301 634 2372 Explicuit
656 2301 771 2354 suturam
796 2301 965 2357 Huscuurus.
1000 2305 1108 2356 Frustra
1125 2304 1194 2358 Vos-

174 2423 232 2459 sius
257 2413 284 2457 et
307 2406 429 2457 Bucarus
455 2405 630 2471 scripserant:
660 2403 738 2454 Sicut
764 2414 835 2454 erat.
852 2434 887 2446 -
918 2409 1036 2460 nullus
1062 2407 1195 2461 defluat

176 2505 253 2558 inde
279 2504 385 2556 color.
422 2503 507 2554 Anxie
534 2506 604 2554 vetat
629 2503 738 2553 multam
766 2501 883 2555 manibus
900 2507 1005 2557 tractari
1024 2511 1051 2557 et
1068 2506 1144 2558 atteri
1161 2506 1195 2557 li-

175 2605 265 2670 brum,
294 2603 319 2654 la
344 2616 396 2669 qao
420 2607 494 2653 notat
520 2600 708 2655 discussimus
733 2602 825 2654 Musas
848 2617 908 2654 eum
925 2603 1024 2655 aucillis
1050 2606 1196 2670 proletariis

177 2702 315 2767 confusas,
345 2716 362 2752 a
388 2700 482 2767 quibus
506 2702 562 2754 iure
590 2702 643 2754 tale
666 2700 728 2769 quid
752 2703 853 2754 timeas.
888 2701 1028 2754 Praeterea
1046 2702 1196 2755 observabis

175 2808 298 2869 quantum
325 2800 423 2852 Tibulli
449 2800 583 2853 sublimior
611 2803 699 2870 poesis
727 2818 742 2853 a
773 2800 869 2854 talibus
896 2800 1012 2854 minutiis
1039 2799 1114 2862 absit.
1160 2803 1195 2852 At

177 2902 307 2971 Lygdami
326 2902 432 2970 ingenio
450 2902 614 2954 conveniant.
632 2930 668 2941 -
688 2903 720 2955 V.
741 2902 784 2954 io.
804 2904 848 2955 20.
876 2902 941 2954 illa
958 2901 1038 2955 mibi
1056 2901 1196 2956 referet.

179 3003 277 3067 Longe
302 2999 343 3052 bie
370 3005 505 3069 praestare
530 3001 695 3054 coniunctivo
718 3001 833 3056 suturam
852 3003 886 3055 ob
904 3002 1034 3055 leuitatem
1051 3001 1198 3055 observarit

178 3103 302 3156 Vossius.
346 3101 413 3154 Mox
440 3100 552 3152 nostri
579 3106 694 3151 mutua
721 3116 816 3167 eura,
842 3106 872 3153 ut
898 3105 1064 3168 comparante
1088 3102 1196 3156 Vuarro

177 3201 293 3254 Martiai.
311 3200 346 3267 X,
365 3204 416 3253 20:
447 3200 478 3250 Si
501 3199 552 3250 tibi
575 3219 649 3252 meus
674 3201 782 3265 eadem,
804 3201 827 3253 si
845 3200 934 3251 nostri
950 3209 1046 3251 neutum
1063 3218 1130 3252 cura
1146 3211 1197 3259 eat,

175 3302 211 3352 In
237 3317 396 3372 quocunque
424 3298 481 3350 loco
508 3300 595 3349 Roma
626 3296 729 3349 duobus
752 3297 815 3349 erit.
848 3299 929 3351 Ouio.
955 3299 1021 3352 Met.
1046 3298 1105 3365 Vll,
1128 3304 1198 3354 8002
1254 3366 1260 3377 ·

173 3401 279 3453 Mutua
298 3416 366 3450 cura
385 3396 447 3449 deos
465 3405 492 3448 et
513 3414 589 3447 amor
606 3395 715 3447 socialis
732 3393 860 3447 habebat.
896 3397 936 3449 Ad
954 3399 1087 3466 sequeutia
1104 3400 1197 3453 veritae

111 3527 115 3537 ·
174 3504 251 3552 toto
269 3506 414 3568 pectore
433 3497 620 3551 deciderim
640 3496 854 3549 Broucxuusrus
873 3498 973 3551 couleti
991 3502 1072 3555 Oaro.
1088 3501 1197 3554 Heroid.

174 3595 210 3660 ll,
238 3602 303 3649 1052
342 3603 433 3672 thue
461 3597 512 3649 sibi
538 3595 700 3660 excidimus,
729 3594 834 3645 nullom
858 3607 930 3665 puto
954 3599 1087 3669 Phyllida
1114 3597 1195 3648 nosti.

176 3693 272 3746 Caeam.
297 3697 381 3763 Epist.
406 3699 440 3753 ad
466 3701 558 3754 Famil.
578 3698 636 3762 Vll,
656 3700 704 3749 14:
735 3695 784 3747 Sin
813 3698 902 3749 nostri
926 3697 1027 3751 oblitus
1052 3716 1095 3754 es,
1127 3695 1197 3748 dabo

176 3807 283 3858 operam
307 3802 338 3842 ut
361 3795 435 3847 istuc
460 3798 565 3851 veniam
589 3805 654 3846 ante
679 3811 761 3866 quum
784 3793 866 3867 pians
884 3812 917 3845 ex
935 3796 1024 3846 animo
1041 3805 1090 3846 duo
1108 3792 1199 3861 effluo.

175 3887 248 3941 Idem
267 3890 332 3957 elias
348 3894 443 3945 multas
468 3899 565 3952 similes
590 3898 736 3952 locutiones
760 3903 852 3964 affert,
875 3901 905 3949 ut
923 3896 1046 3948 memoria
1064 3894 1198 3946 descendit

174 4005 209 4040 ex
227 3987 323 4043 animo,
342 3989 440 4059 desiuit
459 4002 504 4047 aut
523 3997 626 4049 labitur
643 4009 750 4069 pectore
771 4021 832 4069 cum
851 3997 959 4053 alicuius
976 3994 1017 4046 uel
1034 3992 1147 4064 emigrat
1167 3992 1199 4043 da

175 4087 309 4143 medullis.
346 4090 375 4143 ln
394 4092 507 4145 Graecis
525 4104 610 4150 autem
626 4103 736 4169 praeivit
758 4117 829 4187 bene
847 4101 1001 4159 observante
1016 4093 1124 4147 vuasto
1142 4094 1200 4147 lio.

886 4206 923 4263 21
