3009 4725
503 386 613 451 LIBR.
635 389 675 452 ΙΙ.
718 392 841 459 ELEG.
862 396 917 458 ΙΙΙ.
1152 412 1214 470 235

194 564 291 619 Tibulli
306 562 402 615 dictem
419 558 574 616 uldealils.
612 560 703 613 Habes
720 563 847 616 rationem
866 565 974 633 elegiae.
1012 571 1118 626 Quaero
1137 589 1212 639 nnnc,

195 665 256 732 qnid
276 662 324 715 hac
342 662 498 714 tractatione
516 663 662 727 argumenti
680 664 715 715 sit
731 665 835 732 aptius,
853 667 914 732 quid
932 670 994 722 insit
1010 673 1079 739 qnod
1099 676 1211 729 alienum

193 765 249 818 iure
267 763 318 816 dici
336 762 441 830 possit?
478 762 569 814 lllirari
593 762 673 828 igitur
698 765 762 815 satis
788 780 839 816 non
858 784 978 834 possum.
1005 772 1048 836 qni
1067 773 1162 826 lactum
1181 776 1216 828 sit

194 871 223 916 ut
249 862 283 915 de
312 862 412 914 unitate
441 861 543 928 elegiae
571 861 741 915 dubitaretur.
788 863 827 915 lle
854 866 1014 918 Scasrcsno
1042 885 1093 921 raon
1123 873 1215 931 dicam.

194 961 326 1014 Hnrnrus
344 966 433 1012 autem
451 959 483 1011 ad
505 962 583 1011 ν.33.
602 958 709 1010 scribit:
727 959 878 1024 „Dissident
897 963 960 1017 llaec
978 984 1083 1034 prorsus
1102 988 1116 1021 a
1135 987 1215 1040 supe-

193 1060 306 1112 rioribus
331 1059 466 1111 sententiis
493 1063 520 1110 et
546 1057 668 1108 numeris.
707 1058 791 1108 Antea
818 1058 850 1112 de
876 1064 962 1130 puella
982 1066 1007 1116 in
1034 1083 1077 1119 rus
1095 1069 1217 1138 abducta,

194 1175 263 1213 nuuc
287 1161 321 1213 de
345 1176 422 1212 avara
447 1161 535 1226 agitur
559 1163 586 1210 et
604 1158 636 1209 ab
655 1164 773 1211 amatore
792 1161 872 1212 divite
890 1163 1011 1216 abducta.
1049 1168 1108 1220 Non
1128 1171 1216 1237 itaque

195 1262 271 1313 uarius
296 1262 416 1313 carminis
443 1267 530 1328 partes
557 1274 615 1311 esse
641 1261 779 1327 potuere.“
822 1260 882 1312 uon
901 1263 1021 1316 indicavit
1038 1268 1085 1318 Ἧι·
1103 1285 1216 1321 summus

198 1360 327 1427 quomodo
346 1358 410 1412 baec
427 1360 477 1411 sibi
496 1364 650 1427 repugnent.
687 1360 717 1410 Si
736 1375 822 1411 mores
847 1361 963 1415 diuersos
982 1364 1100 1416 Nemesis
1118 1371 1219 1435 putavit

197 1461 323 1526 exbiberi,
342 1476 392 1513 non
413 1459 521 1512 esthoc
540 1459 646 1524 sactum,
665 1475 714 1511 nec
732 1460 801 1526 quod
821 1461 846 1511 in
865 1463 991 1531 principio
1009 1465 1121 1517 breviter
1141 1475 1219 1534 poeta

197 1560 265 1613 dixit
289 1559 343 1612 ruri
366 1560 448 1612 teneri
473 1559 602 1628 puellam,
629 1557 724 1609 deinde
750 1574 813 1610 vero
840 1559 922 1611 innuit
945 1569 1086 1617 amatorem
1111 1566 1218 1620 divitem

199 1676 257 1713 esse
281 1661 325 1727 qui
348 1660 499 1727 abduxerit,
527 1661 607 1712 ullam
632 1660 803 1711 offensionem
830 1657 922 1726 babet,
948 1662 993 1713 sed
1019 1663 1085 1715 bene
1102 1671 1130 1716 et
1148 1673 1219 1719 recte

200 1768 240 1814 est
256 1762 400 1814 institutum
419 1762 560 1814 etinctum
578 1763 727 1814 sescenties
746 1761 865 1813 similiter
882 1763 908 1812 in
927 1763 1009 1828 poesi,
1026 1762 1138 1829 iecitque
1156 1766 1219 1816 alias

199 1862 257 1930 ipse
282 1853 417 1927 Tibullns',
444 1869 473 1914 nt
500 1863 526 1914 in
552 1862 736 1931 Explicatione
764 1863 860 1915 monui.
904 1862 951 1914 Sin
979 1863 1084 1914 ironiam
1113 1872 1139 1915 et
1164 1879 1220 1918 sar-

199 1975 312 2013 casmum
331 1963 357 2013 in
374 1960 460 2014 media
479 1968 552 2029 parte
569 1968 721 2029 regnantem
741 1977 858 2029 pugnare
877 1961 1008 2014 Hnrnrns
1029 1962 1138 2014 credidit
1159 1980 1218 2015 cum

200 2058 355 2125 reliquarum
379 2060 491 2128 partium
514 2061 683 2125 tractatione,
711 2060 789 2111 etiam
813 2058 862 2112 boc
881 2060 993 2112 breviter
1011 2061 1178 2114 rcintavimns
1194 2065 1220 2114 in

199 2161 381 2225 Annotatione,
401 2167 428 2212 et
447 2161 543 2214 oblitus
561 2168 602 2213 est
620 2161 668 2213 Vir
686 2162 811 2226 egregius
828 2161 906 2213 toties
924 2161 988 2213 alies
1006 2178 1022 2212 a
1040 2177 1069 2212 se
1089 2161 1217 2213 laudatam

200 2259 225 2311 in
243 2260 348 2312 Tibullo
367 2258 499 2328 pulchram
518 2261 671 2312 varietatem
691 2259 841 2312 affectuum.
878 2259 978 2311 Tamen
997 2258 1060 2311 llaec
1079 2276 1120 2312 res
1139 2275 1220 2328 nuper

200 2360 322 2414 Vossrnsr
340 2376 373 2414 ee
393 2360 518 2415 audaciae
548 2361 673 2426 adduxit,
698 2368 728 2414 ut
752 2364 861 2431 primam
880 2369 908 2415 et
928 2364 1030 2415 tertiam
1049 2369 1147 2433 partem
1166 2365 1221 2415 ele-

201 2460 260 2523 giae
277 2461 371 2511 iterum
388 2461 510 2513 continua
526 2464 595 2515 serie
614 2463 787 2531 coniungeret
805 2472 835 2516 ut
854 2466 1010 2529 Selmena,
1029 2465 1139 2516 mediam
1158 2481 1220 2517 rere
1311 2491 1317 2504 ·

201 2570 217 2605 a
237 2571 261 2608 v.
278 2559 385 2609 33-60.
404 2557 530 2610 eximeret
548 2564 576 2610 et
593 2559 663 2610 alind
680 2576 775 2612 novum
795 2577 898 2613 carmen
917 2578 975 2613 esse
993 2564 1156 2616 decerneret.
1192 2566 1222 2617 ln

202 2672 253 2723 qno
272 2663 376 2709 secutus
395 2664 436 2709 est
458 2657 591 2712 Bacnrus.
629 2662 699 2716 Quid
722 2660 824 2726 igitur?
862 2662 946 2711 Unum
970 2676 1021 2711 non
1047 2665 1087 2712 est
1111 2678 1223 2728 carmen,

201 2760 270 2825 quod
289 2761 477 2829 oppositionem
496 2760 694 2829 pulcherrimam
719 2760 796 2813 habet
815 2759 944 2826 mythicae
963 2760 1056 2811 aetatis
1074 2767 1101 2812 et
1119 2760 1223 2815 hodier-

201 2875 265 2927 nae,
292 2863 387 2914 amoris
408 2869 435 2915 et
459 2864 581 2916 avaritiae
605 2880 637 2915 uc
664 2864 805 2915 luxuriae?
853 2862 1010 2914 Direllamus
1035 2862 1116 2927 igitur
1144 2863 1223 2915 etiam

202 2976 306 3015 carmen
323 2961 396 3015 Xlll.
416 2962 475 3014 libri
491 2962 540 3014 lll.
566 2962 636 3029 apud
656 2963 860 3026 Processimus,
887 2962 931 3014 ubi
954 2961 1072 3012 similiter
1090 2960 1122 3011 de
1140 2962 1224 3012 avari·
1316 2979 1319 2985 ¹

203 3063 239 3115 tia
257 3061 380 3116 hodierna
400 3065 543 3131 puellarum
562 3063 659 3116 dicitur
685 3070 712 3116 et
736 3064 770 3117 de
787 3064 952 3133 simplicitate
971 3064 1056 3132 prisca
1074 3063 1225 3129 agrestium,

203 3168 286 3228 alque,
300 3170 329 3216 ut
346 3165 499 3232 Propertius
519 3164 588 3215 rrnde
610 3180 684 3216 orsus
704 3171 745 3216 ost
764 3167 789 3216 in
809 3165 952 3232 principio,
979 3179 1012 3215 eo
1037 3164 1061 3214 in
1080 3164 1131 3214 tine
1150 3161 1225 3228 redit,

203 3259 242 3312 sic
259 3260 378 3315 Tibullus
403 3262 436 3317 dc
460 3261 573 3329 mythice
599 3268 685 3314 aetate
714 3263 740 3315 in
767 3263 893 3330 principio
918 3263 984 3314 dixit
1002 3244 1030 3312 et
1053 3263 1080 3314 iu
1106 3264 1172 3327 tine,
1200 3262 1226 3314 iu

203 3360 288 3414 medio
309 3368 395 3415 autern
422 3365 559 3415 collocavit
585 3365 670 3415 locum
695 3364 861 3415 sarcasticum
888 3362 921 3413 de
945 3360 1076 3412 hodiernis
1101 3361 1225 3413 moribus.

203 3462 277 3518 Quae
296 3461 405 3514 variatio
423 3463 573 3515 suauissima
592 3466 640 3526 est,
659 3476 718 3513 cnm
737 3466 828 3511 contra
847 3474 880 3510 en
899 3460 992 3510 Vossn
1012 3460 1113 3511 ratione
1132 3459 1225 3511 eodem

202 3575 283 3627 usque
302 3560 417 3614 themate
434 3577 481 3615 nos
499 3561 594 3629 fatiget
613 3568 700 3629 poeta.
736 3560 792 3612 Sed
809 3560 871 3625 qnid
885 3558 990 3611 multa?
1027 3559 1138 3625 blytbici
1157 3566 1228 3613 tena-

201 3661 273 3722 poris
290 3677 394 3714 amores
418 3670 558 3735 propterea
582 3662 644 3715 data
669 3678 749 3731 opera
776 3659 972 3730 praedicantur,
1003 3661 1064 3728 qnia
1085 3660 1226 3728 opponitur

204 3753 344 3812 hodiernae
361 3763 496 3828 pravitatis
513 3762 697 3832 reprehensio,
725 3763 829 3830 dempta
855 3780 918 3814 rero
943 3762 990 3814 hac
1015 3762 1135 3831 opposita
1153 3764 1228 3827 parte

204 3856 281 3908 etiarn
299 3865 447 3915 ceterarum
464 3878 550 3919 nerum
570 3868 608 3919 ris
625 3867 761 3927 minuitur,
787 3870 814 3915 et
832 3861 1015 3930 pessumdatur
1032 3861 1132 3926 elegia,
1158 3873 1226 3925 qnae

205 3970 272 4007 nunc
298 3973 331 4011 ex
356 3959 465 4023 dirersis
489 3972 551 4032 apte
575 3966 718 4034 composita
744 3965 860 4033 partibus
885 3965 979 4032 placet.
1026 3962 1097 4013 Satis
1122 3960 1155 4012 da
1179 3958 1227 4012 bis.

205 4056 300 4108 Restat
324 4074 403 4113 nnurn
428 4069 456 4114 nt
481 4080 608 4118 moneam.
646 4066 748 4118 Etenim
768 4079 921 4132 quamquam
941 4059 1154 4129 compositionem
1173 4060 1229 4111 ele·

205 4160 265 4225 giso
285 4162 391 4214 omnino
410 4164 543 4230 egregiam
562 4167 620 4219 dico
639 4176 666 4221 et
684 4183 746 4221 rere
765 4166 902 4237 poeticam,
921 4164 1008 4216 insunt
1027 4169 1112 4215 tamen
1130 4162 1229 4231 aliquot
