3009 4725
335 480 411 523 xm
746 455 804 519 DE
825 454 947 524 POESI

336 637 460 700 Etenim
487 635 583 698 habet
610 633 660 693 hic
690 652 780 696 amor
805 654 863 716 per
892 634 999 697 omnia
1027 646 1170 720 tempora
1195 658 1252 702 sus
1280 659 1356 721 pro.

335 752 437 832 priam
461 745 619 834 quandam
643 745 864 809 sublimitatem
885 747 1031 828 religioso
1054 769 1163 830 sensu,
1184 754 1293 836 quiin
1317 773 1355 817 eo

334 877 452 946 regnat.
503 860 639 925 Videtur
665 874 779 944 poetas
806 879 935 940 sacrum
967 862 1077 928 foedus
1106 866 1140 926 in
1167 878 1356 948 perpetuum

333 983 491 1057 iuuenem,
522 977 609 1063 quod
636 979 706 1059 ipsa
726 977 836 1040 Venus
859 992 890 1041 et
912 977 1034 1062 Cupido
1057 994 1202 1059 tuentur,
1233 995 1265 1044 ct
1289 1001 1356 1046 sae·

333 1094 425 1159 siunt
444 1092 490 1156 dii
509 1105 626 1155 temere
648 1091 759 1155 relicti.
809 1089 915 1167 Quare
936 1114 1007 1156 cum
1028 1109 1204 1176 aegrotaret
1221 1097 1256 1158 in
1278 1095 1357 1160 Cor·

334 1231 426 1294 cyra,
455 1228 519 1292 quo
548 1205 659 1271 dolore
687 1220 812 1271 accusat
839 1227 873 1271 se
903 1206 991 1293 quod
1015 1210 1116 1277 invito
1140 1210 1199 1273 deo
1219 1212 1357 1293 puellam

333 1326 514 1412 reliqueritt

422 1456 546 1521 Audeat
569 1456 667 1519 invito
690 1476 730 1519 ne
752 1457 823 1541 quis
846 1455 1004 1522 discedere
1026 1461 1151 1538 Amore,

462 1573 527 1633 Aut
548 1569 622 1634 sciat
645 1591 802 1651 egressum
825 1592 858 1633 se
879 1574 1066 1654 prohibente
1089 1573 1157 1638 deo.

335 1712 485 1776 Similiter
517 1713 643 1774 Deliam
676 1734 768 1794 saepe
804 1714 948 1775 hortatur
982 1726 1017 1776 ut
1055 1726 1140 1778 casta
1172 1716 1212 1778 sit
1244 1715 1357 1810 sancti·

336 1847 398 1911 que
419 1824 549 1909 pudoris
571 1845 709 1896 memor,
739 1844 779 1885 ne
803 1821 935 1887 deorum
953 1826 1033 1889 iram
1054 1829 1202 1893 incurrat.
1254 1830 1357 1911 Atque

334 1945 428 2007 etiam
448 1963 519 2006 cum
540 1945 645 2008 uirum
666 1940 814 2018 haberet,
845 1939 995 2004 dumille
1017 1943 1158 2006 coniunx
1179 1956 1239 2019 est,
1264 1953 1357 2021 poeta

335 2070 455 2120 amator
476 2068 507 2118 et
527 2068 647 2118 amatus
671 2057 740 2117 vult
767 2055 879 2117 unicus
901 2070 932 2117 et
954 2078 1048 2120 verus
1077 2077 1159 2132 esse,
1188 2066 1217 2115 et
1237 2071 1356 2133 poema

334 2174 482 2236 coelestes
511 2169 676 2232 denuntiet
703 2171 952 2251 corruptoribus.
994 2168 1138 2233 Proiecto
1165 2188 1232 2230 non
1258 2164 1356 2231 laudo

335 2307 391 2368 ego
412 2282 500 2373 quod
520 2286 667 2347 maritum
689 2282 865 2365 decipiebat
885 2281 1048 2359 Tibullus,
1069 2280 1124 2345 sed
1145 2283 1296 2345 hocloco
1317 2281 1356 2345 de
1444 2331 1448 2337 .

332 2417 445 2487 poetae
466 2399 616 2464 sententie
637 2398 810 2482 quaeritur.
853 2398 931 2476 Hic,
952 2397 1027 2462 Non
1050 2421 1106 2482 ego
1129 2413 1161 2462 te
1181 2401 1258 2462 laesi
1279 2423 1357 2482 pru.

333 2518 421 2596 deus,
443 2519 494 2594 ait,
513 2517 636 2594 ignosce
659 2512 778 2576 latenti.
821 2515 914 2578 Iussit
934 2515 1035 2579 Amor
1042 2540 1051 2599 3
1082 2532 1193 2580 contra
1215 2518 1288 2601 quis
1310 2518 1357 2580 fe·

333 2651 384 2700 rat
404 2655 491 2703 arma
512 2626 610 2693 deos?
653 2629 776 2712 Nempe
798 2632 939 2694 coniunx
959 2632 1030 2694 iure
1053 2634 1137 2697 civili
1158 2648 1225 2697 erat
1245 2637 1355 2697 Deliae

333 2754 472 2821 iunctus,
494 2765 526 2806 se
548 2745 677 2807 coelesti
696 2745 769 2825 igne
792 2743 940 2808 credebat
959 2759 1076 2810 tactum
1100 2761 1129 2810 et
1151 2750 1287 2830 puellam
1308 2746 1356 2810 di·

333 2865 406 2926 vina
422 2862 490 2940 lege
512 2880 611 2922 suam.
654 2855 760 2934 Quare
782 2859 958 2922 abstineant
980 2861 1033 2923 alii
1054 2882 1162 2925 omnes
1182 2861 1313 2925 rivales:

416 2993 537 3057 Parcite
563 3013 659 3076 qnam
678 2990 814 3055 custodit
833 2995 933 3057 Amor
956 2994 1075 3058 violare
1099 2996 1244 3077 puellam,

459 3107 511 3171 Ne
532 3110 637 3190 pigeat
660 3129 778 3188 magno
799 3123 872 3191 post
896 3109 1038 3174 didicisse
1060 3113 1152 3170 malo.

333 3235 432 3301 Nefas
455 3250 580 3319 tangere
601 3242 739 3321 puellam
762 3264 780 3303 a
804 3239 864 3306 diis
886 3241 1007 3319 datam,
1028 3239 1115 3301 nefas
1136 3236 1229 3300 etiam
1248 3256 1357 3299 aman·

335 3363 398 3414 tem
419 3350 542 3416 laedere
564 3353 598 3414 in
620 3354 717 3416 tutela
738 3355 874 3419 Veneris
896 3365 1039 3415 euntem:

422 3482 572 3568 Quisquis
593 3508 699 3551 amore
725 3500 859 3563 tenetur,
881 3496 930 3547 eat
950 3496 1101 3567 tutusque
1122 3505 1272 3569 sacerque

466 3599 629 3679 Qualibet:
653 3603 783 3667 insidias
805 3621 870 3664 non
890 3597 1031 3664 timuisse
1051 3599 1150 3664 decet.

335 3733 438 3815 Atque
460 3735 521 3799 hoc
543 3756 637 3799 sensu
661 3756 694 3797 ss
723 3735 805 3797 tollit
835 3736 927 3798 altius
953 3747 1065 3817 poetae
1097 3735 1223 3818 spiritus
1249 3734 1284 3794 iu
1312 3746 1360 3793 tot

334 3850 428 3915 locis:
470 3863 563 3915 vocat
592 3850 725 3930 magiam
753 3852 789 3913 in
815 3851 1006 3929 subsidium,
1039 3850 1105 3912 adit
1132 3849 1282 3911 Bellonae
1308 3867 1359 3908 sa·

334 3963 510 4043 cerdotem,
541 3965 690 4047 implorat
717 3968 798 4030 iram
820 3965 952 4032 deomm
974 3964 1123 4030 adversus
1150 3963 1255 4023 lenam
1284 3980 1356 4022 cor-

335 4082 523 4161 ruptricem3
553 4102 625 4144 nam
648 4094 722 4145 sunt
744 4084 875 4147 numina
895 4084 1020 4145 amanti.
1070 4078 1260 4147 Observnbis
1281 4098 1360 4141 vero

338 4196 430 4254 etiam
451 4194 574 4255 Deliam
595 4195 749 4274 religiosis
777 4198 919 4261 sensibus
947 4194 1084 4258 deditam
1107 4196 1212 4257 luisse
1255 4197 1360 4276 Atque

1490 3792 1492 3919 l

1489 4028 1491 4045 l

1489 4048 1491 4085 l

1489 4116 1491 4147 l
