3009 4725
315 420 416 464 nxxtv
726 400 784 467 DE
805 397 928 467 POESI

400 578 448 639 Ac
473 571 748 658 primoquidem
776 576 1002 659 sirnpiicissims
1025 579 1080 642 lex
1106 580 1336 662 conpositionis

314 687 457 772 prodeat,
476 689 534 752 ubi
548 691 662 771 partae
678 704 789 770 regnat
802 690 887 754 inter
902 713 964 770 res,
981 713 1060 774 quas
1076 692 1240 775 descriptio
1258 711 1336 755 snu·
1417 719 1425 732 ·

314 823 440 865 merens
467 801 684 884 complectitur
706 801 945 889 (Coordebabbn)
993 809 1032 869 ln
1058 806 1142 868 hunc
1162 804 1291 870 modum
1312 809 1337 883 1,

316 895 346 990 e,
367 916 461 980 9-14.
481 928 563 978 artes
586 913 815 995 deseribuntur,
836 918 952 1000 quibus
967 918 1090 999 placore
1107 916 1252 981 studebat
1270 920 1337 981 for·

314 1039 423 1096 mosu's
450 1051 531 1113 puer
558 1031 724 1098 Marathus
752 1035 892 1113 paellae,
927 1054 1004 1096 cura
1032 1053 1211 1110 comarum,
1246 1034 1336 1096 fucus

312 1163 483 1223 german,
515 1161 636 1224 ungues
665 1164 818 1208 manuum
846 1147 981 1210 subsecti
999 1146 1100 1228 perite
1122 1161 1153 1208 et
1175 1166 1251 1210 ansa
1272 1147 1336 1208 col·

313 1258 413 1337 ligens
445 1277 640 1340 compressos
667 1258 780 1343 pedes,
813 1283 848 1325 ac
876 1274 962 1344 patet
992 1274 1093 1325 totum
1121 1260 1246 1337 adesse,
1280 1259 1335 1322 da·

313 1369 483 1450 scriptione
505 1391 524 1431 a
545 1371 647 1452 capite
669 1371 708 1435 ad
726 1371 823 1455 pedes
842 1371 1058 1438 descendente.
1099 1377 1170 1436 Alia
1191 1376 1335 1454 exempla

312 1498 388 1549 eruit
414 1487 440 1564 l,
460 1492 493 1565 2,
521 1492 638 1553 25—32.
665 1489 721 1552 ubi
749 1492 848 1552 tutele
873 1491 1008 1552 Veneris
1034 1490 1069 1552 in
1099 1490 1152 1553 via
1180 1501 1336 1551 necturna

313 1578 517 1682 describitur,
550 1625 632 1688 quiae
657 1616 689 1667 et
708 1606 843 1687 impetus
863 1617 1074 1686 grassatorum
1093 1616 1197 1667 arceat
1217 1614 1248 1665 et
1266 1604 1336 1665 hie·

311 1718 372 1781 ntis
393 1718 442 1783 vis
471 1719 565 1784 facim
585 1742 631 1790 ,ne
660 1733 788 1801 noceat,
822 1734 854 1785 et
875 1723 900 1801 Ι,
927 1729 957 1799 6,
983 1727 1095 1785 17-22.
1127 1721 1184 1783 ubi
1207 1716 1336 1781 fraudes

312 1834 446 1899 lascivae
466 1835 579 1898 Deliae
604 1849 840 1900 enumerantur.
891 1837 978 1900 Haec
996 1837 1093 1917 igitur
1114 1835 1221 1897 omnia
1241 1835 1337 1896 huius

312 1953 451 2031 generis,
482 1966 515 2017 et
533 1951 655 2019 videbis
683 1955 772 2018 inire
798 1966 994 2039 quantopere
1014 1965 1097 2016 emet
1118 1950 1263 2014 Tibullus
1285 1970 1335 2010 ec·

310 2081 436 2130 eurotas
458 2065 628 2131 divisiones
649 2089 767 2131 rerum.

398 2176 551 2238 Succedat
577 2180 700 2238 secundo
722 2180 792 2236 loco
815 2179 972 2253 compositeb
991 2193 1044 2251 per
1062 2176 1272 2251 oppositrbnsm,
1303 2182 1345 2272 et.

311 2287 448 2368 primum
470 2282 598 2365 quidem
620 2283 879 2362 pertinaciorem
901 2278 1147 2360 oppositionem,
1173 2279 1205 2338 h.
1227 2297 1255 2338 e.
1276 2280 1333 2342 ubi

311 2414 396 2463 certa
424 2400 491 2477 lege
519 2394 652 2457 disticha
680 2396 741 2457 sibi
763 2407 968 2477 opponuntur
990 2406 1019 2456 et
1046 2416 1154 2457 severa
1176 2394 1332 2478 quaedam

310 2512 527 2574 concinnitatis
558 2511 666 2588 regula
696 2520 807 2588 regnat
835 2528 893 2590 per
920 2519 1052 2572 totum..
1081 2506 1164 2571 Vide
1195 2509 1331 2587 singulas

310 2624 439 2688 formae
485 2623 627 2687 Primum
648 2634 750 2704 potest
773 2623 831 2684 uni
851 2621 983 2686 disticho
1003 2622 1176 2687 sectandum
1203 2627 1333 2707 opponi,

310 2760 413 2823 eaque
433 2740 487 2800 lex
508 2739 606 2800 semel
631 2749 685 2798 aut
705 2736 824 2817 pluries
851 2739 968 2819 repeti,
998 2750 1033 2799 ut
1059 2738 1093 2798 in
1123 2734 1331 2820 descriptione

309 2859 334 2933 l,
354 2865 386 2934 2,
408 2859 523 2920 45·52.
545 2852 798 2916 Commentarius
817 2851 909 2917 docet
935 2854 1038 2934 primo
1069 2851 1199 2917 disticho
1220 2874 1332 2917 secun·

310 2973 407 3049 dcun,
434 2970 527 3033 tertio
555 2982 703 3054 quartum
725 2970 862 3051 opponi,
892 2980 995 3031 totum
1014 2969 1177 3043 carmelio
1197 2966 1330 3032 disticho

310 3088 424 3154 claudi.
465 3086 573 3149 Potest
592 3106 669 3149 vero
691 3085 760 3149 aliis
780 3085 816 3146 in
836 3084 912 3146 loeis
933 3083 1025 3145 etiam
1047 3082 1172 3146 duobus
1193 3082 1330 3147 distichis

247 3197 255 3204 ’
309 3204 430 3287 opponi
452 3223 568 3278 unum,
596 3201 683 3285 quod
705 3201 891 3263 bisfactum
913 3201 938 3279 1,
961 3203 991 3275 4,
1013 3200 1126 3265 att-52.
1152 3202 1207 3263 ubi
1226 3201 1328 3280 ptimo

309 3333 341 3381 et
362 3315 500 3381 secundo
529 3315 661 3381 disticho
689 3315 836 3392 tertium,
864 3327 980 3397 quarto
1009 3328 1041 3378 et
1067 3316 1177 3398 quinto
1205 3327 1328 3378 sextum

309 3430 492 3513 opponitur.
528 3429 707 3512 Utrumque
719 3448 818 3510 genus
830 3432 1031 3494 coniunctum
1042 3430 1163 3510 ridell,
1177 3435 1206 3508 3,
1218 3436 1328 3492 37246.

309 3548 343 3609 in
365 3543 572 3627 descriptione
591 3566 720 3608 morum
732 3549 906 3628 pravitatis.
949 3550 998 3611 lbi
1016 3550 1152 3630 primum
1168 3548 1251 3608 bella
1267 3559 1328 3608 ter·

308 3661 420 3724 restria
445 3674 476 3724 et
502 3661 656 3722 maritima
686 3674 940 3749 componuntur2
967 3673 1034 3723 tum
1058 3658 1096 3722 de
1118 3660 1246 3722 luxuria
1266 3662 1329 3740 agi-

308 3786 361 3839 tur
383 3776 436 3852 sic,
459 3787 495 3837 ut
515 3776 608 3839 tertio
630 3789 662 3838 et
682 3790 798 3860 quarto
821 3777 954 3845 disticho
979 3798 1126 3858 agrorum
1145 3778 1278 3841 coemtio
1298 3792 1331 3839 et
1419 3790 1424 3796 ·

307 3896 503 3956 urbanarum
520 3891 687 3959 domorum
703 3893 853 3976 splendor
871 3906 1028 3972 tractetur,
1050 3894 1161 3978 quinto
1182 3915 1260 3959 tero
1280 3895 1329 3954 bis

307 4009 506 4070 terrestribus
536 4010 631 4070 rebus
660 4027 747 4069 mare
778 4021 957 4088 opponatur
986 4029 1057 4071 cum
1089 4021 1267 4071 constructa
1293 4007 1329 4066 in

308 4120 399 4182 undis
432 4122 515 4183 mole
548 4120 587 4181 ad
620 4120 721 4201 pisces
753 4120 844 4182 raros
879 4118 1062 4192 servandos
1116 4122 1219 4202 Atque
1251 4120 1328 4183 baec
