3009 4725
272 408 314 461 22
513 355 793 463 communiunt.
816 401 860 464 in·
884 402 1054 466 11111111

275 585 372 640 iooatio
390 583 481 637 eadem
499 587 624 650 usurpata
637 582 757 650 Graecis,
773 584 808 637 oi.
823 586 909 640 Prn'n.
927 586 971 640 01.
984 587 1083 652 v1‚sn.
1102 587 1179 654 Pytir.
1191 592 1238 657 Χ1,
1249 598 1294 647 61.
1366 553 1382 574 x

275 688 368 756 Neque
392 701 455 740 rere
480 684 559 738 rerba
583 686 668 738 solum
693 686 729 738 iia
755 686 930 753 collocantur,
955 694 986 741 at
1009 689 1135 744 Zurrrnro
1159 691 1242 744 risum
1267 693 1293 745 in

273 784 458 850 (imanes,
475 782 522 836 sed
540 784 617 837 etiam
634 782 796 837 substantiva
813 783 915 839 dnobus
933 787 1055 840 membris
1072 790 1223 854 eommunia,
1241 791 1292 842 rid.

274 884 341 938 inira
364 883 437 949 adl,
454 887 481 949 2,
499 886 551 949 sm
583 900 662 954 porro
687 885 829 952 missura,
856 893 885 939 ut
909 885 1071 953 Housmil,
1089 893 1132 955 19,
1152 893 1203 942 toa
1224 888 1293 941 idem

271 983 350 1054 posia
366 996 428 1036 arna
446 982 600 1056 audiasque
617 981 688 1041 balli,
703 991 783 1052 atque
800 986 877 1038 etiam
896 986 1048 1054 particulae,
1064 993 1093 1039 ut
1108 987 1218 1042 Bonan.
1235 989 1291 1042 Sat.

275 1082 708 1155 1‚s‚1rain0piamsquodqus
723 1082 822 1152 pusitii
832 1082 978 1152 finxerunt
999 1084 1091 1139 animi.
1127 1085 1198 1142 Quid
1215 1087 1294 1152 igitur

274 1197 369 1237 manae
395 1188 451 1245 est,
479 1184 567 1249 dices,
592 1184 615 1237 si
640 1184 704 1238 alias
728 1185 795 1239 aliae
820 1171 906 1254 partes
931 1185 1056 1238 orationis
1074 1186 1111 1238 ita
1128 1187 1295 1251 collocantur,

275 1281 346 1350 qaod
363 1281 483 1350 displicet
499 1283 607 1336 ieatioa
623 1282 830 1337 hannon
847 1283 981 1338 codicibus
998 1285 1148 1338 melioribus
1163 1285 1294 1338 restitutas

275 1383 299 1432 0
317 1389 449 1453 quantum
474 1389 516 1433 sat
541 1381 605 1433 auri
626 1389 722 1450 parant
744 1380 891 1454 potiusque
914 1381 1077 1454 smaragdi?
1112 1384 1241 1438 Nimirum
1258 1386 1295 1438 tta

275 1488 374 1535 tantum
391 1481 453 1535 inrui
470 1487 556 1550 potest
574 1479 638 1535 itaeo
654 1483 801 1550 aoiioesrtio,
819 1484 843 1536 si
859 1498 950 1537 manea
968 1490 994 1538 et
1010 1483 1161 1552 imperfecta
1176 1490 1218 1536 est
1231 1499 1296 1536 con·

275 1582 385 1635 structio
402 1582 496 1650 prioris
511 1580 756 1646 memoriaenon
773 1580 800 1633 id
818 1582 899 1649 iegas,
917 1584 1014 1635 sentias
1031 1582 1124 1635 demae
1140 1595 1231 1634 voearu
1248 1580 1299 1632 aii·

275 1695 368 1748 quarn,
388 1693 465 1747 quarn
482 1679 576 1734 deiude
597 1680 693 1734 offerat
711 1683 866 1751 principium
884 1684 1017 1750 sequentis
1034 1681 1151 1736 membri.
1186 1681 1233 1735 Sin
1251 1679 1298 1734 ira·

277 1780 323 1834 bet
339 1796 382 1834 res
399 1782 425 1833 iu
443 1781 570 1850 exemplis
585 1781 672 1834 aliatis
687 1781 815 1836 omnibns.
851 1782 927 1837 Nune
943 1788 1030 1836 autern
1045 1783 1068 1836 si
1085 1781 1159 1836 dicor
1178 1799 1193 1833 o
1211 1797 1299 1852 quon-

276 1888 336 1932 ium
353 1889 395 1933 eat
413 1880 477 1932 ouri
491 1888 601 1950 pareat,
625 1895 675 1934 uec
693 1883 853 1935 constructio
871 1897 920 1935 nee
938 1897 1030 1934 sensns
1045 1880 1227 1949 inperfectus,
1250 1879 1299 1933 ds·

276 1979 450 2046 siderabitqae
474 1995 550 2032 nemo
574 1979 651 2031 aliam
676 1989 812 2048 praeterea
837 1997 926 2034 rocem
951 1982 1035 2046 qualis
1050 1979 1158 2048 potius,
1184 1978 1231 2030 sed
1248 1976 1300 2030 troo

275 2077 425 2132 adverbium
443 2077 475 2131 ad
497 2078 637 2132 secundum
656 2080 740 2132 solnm
760 2080 901 2134 membrum
919 2047 1020 2146 trahet,
1046 2079 1116 2146 quod
1134 2087 1218 2130 tamen
1240 2078 1297 2130 lieri

276 2194 328 2236 non
344 2179 433 2233 debet
469 2179 515 2232 Sic
528 2186 638 2248 apparat
653 2178 747 2250 potius
763 2189 911 2251 pereatque
926 2176 1089 2230 scribendum
1107 2192 1173 2229 esse.
1209 2180 1297 2242 Atque

277 2277 342 2332 haee
367 2278 500 2334 hactenns.
537 2280 681 2349 Pergamus
705 2281 740 2334 ad
765 2281 824 2332 aila·
859 2279 909 2332 Est
934 2278 1002 2329 enim
1031 2275 1065 2329 da
1090 2277 1221 2329 sententia
1245 2277 1296 2330 loei

277 2384 412 2447 praeterea
430 2380 589 2448 notandum,
616 2381 686 2449 quod
712 2381 779 2434 irena
802 2380 867 2432 vidit
883 2380 1013 2443 Vossius,
1038 2378 1095 2430 anri
1113 2376 1296 2445 smaragdique

276 2480 408 2533 mentione
425 2482 518 2535 iterum
543 2483 612 2536 iiiam
637 2483 761 2535 adversus
779 2482 883 2535 Antonii
909 2480 1049 2534 orientales
1073 2480 1163 2547 copias
1187 2478 1298 2547 expedi-

276 2578 374 2632 tionem
398 2581 556 2647 significari,
589 2581 658 2651 apud
685 2595 751 2649 quos
779 2597 887 2646 aurum,
917 2594 1049 2648 gemmas,
1081 2577 1234 2645 smaragdos
1256 2577 1299 2629 in-

278 2683 382 2732 ventum
406 2679 439 2733 iri
462 2680 624 2749 sperabatur.
666 2679 734 2733 Nam
761 2681 874 2733 Antonio
897 2685 986 2732 narrat
1010 2680 1064 2733 Dro
1084 2678 1198 2731 Cnssrns
1221 2676 1255 2741 L,
1272 2679 1300 2728 o.

277 2794 366 2833 omues
384 2779 440 2834 fere
457 2796 535 2849 reges
552 2783 708 2846 orientales,
726 2780 850 2834 Romano
867 2781 977 2850 imperio
994 2779 1107 2844 vicinos,
1131 2776 1236 2829 affuisse
1254 2789 1298 2827 so·

276 2878 347 2946 rior,
366 2886 394 2934 et
411 2887 506 2949 poetro
524 2878 558 2932 de
576 2879 648 2931 ludis
671 2877 738 2932 adeo
757 2880 898 2946 ioquuntur
916 2880 949 2932 ab
967 2881 1112 2932 Octaviano
1129 2876 1252 2941 devictis,
1271 2881 1300 2927 ut

278 2980 361 3036 Vno.
381 2982 445 3033 deu.
461 2979 533 3045 vm,
543 2983 606 3032 odo.
620 2984 681 3034 iod.
700 2979 776 3034 coni
789 2982 867 3033 Voss.
878 2978 912 3031 ad
930 2980 1003 3045 Virg.
1023 2980 1122 3045 Georg.
1142 2995 1168 3045 p.
1179 2979 1232 3027 1139
1242 2992 1300 3042 sqq.

278 3081 347 3150 apud
366 3081 445 3134 ludos
462 3096 525 3135 vero
544 3096 644 3146 aurum,
662 3096 791 3148 gemmae,
810 3078 975 3144 margaritae,
992 3077 1183 3142 smaragdini.
1203 3074 1300 3127 Tibuii.

279 3182 358 3248 11,a,
378 3186 420 3237 lo.
439 3183 485 3248 lv,
504 3185 531 3245 1,
551 3183 593 3232 19.
612 3180 706 3232 Lanu.
724 3178 773 3243 111,
790 3182 817 3243 11,
836 3183 877 3230 tr.
896 3176 1075 3242 Pnonnnud,
1092 3179 1119 3237 8,
1133 3178 1178 3227 89.
1198 3179 1301 3239 1119.

279 3282 328 3348 111,
345 3285 371 3350 4,
390 3287 417 3338 2.
450 3283 533 3334 Orrn.
553 3279 618 3332 Met
637 3279 672 3343 ll,
689 3282 733 3333 24.
766 3278 855 3335 Coun.
874 3277 973 3330 Biston.
992 3275 1053 3339 vll,
1069 3279 1096 3340 9,
1115 3277 1157 3326 19.
1194 3276 1300 3328 Sanno.

280 3380 389 3448 Thyest
406 3386 469 3436 1111.
489 3381 645 3434 omanus.
665 3377 698 3432 de
709 3378 756 3432 lV.
772 3377 871 3430 eouanl.
891 3376 992 3429 Honor.
1010 3390 1035 3427 r.
1047 3378 1109 3427 111111.
1146 3375 1299 3430 timaeum

280 3482 318 3539 ita
335 3483 402 3547 sint,
427 3482 550 3536 discimus
569 3496 603 3534 ex
621 3477 671 3533 hoo
688 3481 748 3534 ioco
767 3487 868 3546 tempus
885 3475 994 3543 elegiae.
1039 3474 1075 3527 dt
1099 3472 1183 3534 enirn,
1211 3469 1299 3521 dicent

279 3582 413 3645 nonnulii,
443 3582 501 3647 qnia
526 3583 565 3635 sic
593 3589 686 3648 urgeat
714 3581 793 3635 verba
823 3577 936 3641 'tinnitu
970 3588 1063 3628 anrmn
1092 3577 1121 3625 et
1148 3564 1301 3635 smaragdos
1331 3638 1338 3649 ι
1387 3616 1389 3619 ,

279 3677 384 3733 omnino
402 3689 441 3742 pr.
460 3677 557 3742 prae&
574 3679 655 3746 dixit,
674 3696 724 3732 neo
743 3680 884 3746 loquuntur
901 3680 1021 3729 accurate
1041 3678 1151 3741 poetas,
1167 3668 1215 3722 sed
1231 3674 1302 3721 stre-

281 3776 362 3846 pitum
381 3772 518 3827 verborum
535 3783 629 3829 amant
666 3776 795 3831 Nimirum
814 3774 855 3829 iric
874 3780 914 3828 est
931 3774 981 3826 ista
1000 3772 1232 3841 perimentur,
1257 3767 1302 3833 qui

279 3879 307 3928 et
325 3873 387 3927 oiim
407 3872 546 3943 plurimum
564 3875 653 3929 nocuit
671 3882 809 3942 poetarum
827 3872 995 3943 explicationi
1011 3877 1040 3925 ei
1058 3871 1198 3923 etiamnum
1216 3866 1301 3917 noret

279 3971 367 4028 Etiam
390 3981 485 4043 poetae
506 3973 704 4028 accommodant
720 3975 800 4026 verba
820 3973 998 4042 praesentibus
1021 3970 1100 4024 rebus
1124 3974 1152 4021 et
1167 3967 1244 4035 piane
1261 3965 1302 4017 irr-

278 4078 340 4141 epie
357 4073 493 4138 Tibullus,
518 4075 541 4125 si
560 4088 583 4124 v.
602 4087 626 4123 e.
652 4076 742 4122 eontra
761 4070 853 4120 Gallos
878 4078 924 4121 aut
944 4071 1091 4122 Germanou
1116 4062 1185 4115 istud
1206 4062 1303 4114 beilum

277 4178 397 4242 paratum
413 4180 492 4238 esset,
510 4168 663 4236 smaragdos
681 4174 858 4220 memorasset.
895 4168 1020 4221 Ceterum
1035 4163 1094 4216 ride
1110 4159 1144 4214 de
1159 4158 1303 4226 smaragdis
