3009 4725
343 408 403 463 110
556 395 770 462 COLLATlO
796 395 907 460 LIBR.
927 399 952 459 Ι.
983 395 1104 459 ELEG.
1122 397 1181 458 IX.

744 640 891 719 Eleg.
941 647 971 704 9.

509 832 657 886 DILEL'I'I
682 835 757 902 pueri
782 833 833 889 fide
855 834 947 902 proetio
972 837 1118 899 corruptam

512 932 705 999 CONqueritur
726 934 806 987 multa
830 932 962 986 deuouens
987 930 1013 981 in
1036 943 1105 981 eum.

343 1080 376 1133 V·
393 1083 420 1136 ³.
437 1077 471 1133 T.
490 1079 548 1133 ΑΜ.
568 1081 616 1133 Ab
634 1113 648 1124 ·
668 1115 679 1125 ·
699 1115 712 1124 -
730 1111 745 1121 -
765 1082 846 1134 coelat
865 1110 898 1121 -
917 1080 968 1133 Ed.
987 1078 1048 1133 Pin.
1065 1079 1109 1132 Ha
1125 1107 1139 1118 ·
1157 1109 1170 1119 -
1188 1106 1202 1118 -
1219 1105 1233 1117 ·
1250 1077 1317 1130 celat

395 1182 422 1231 9.
440 1178 474 1232 Τ.
493 1179 550 1232 ΔΙά.
566 1189 692 1250 parentza
710 1209 745 1219 -
764 1180 816 1233 Ed.
835 1180 895 1233 Pin.
915 1182 1031 1250 parentia

396 1280 440 1328 11.
458 1276 489 1329 Τ.
507 1278 566 1330 ΑΜ.
580 1296 664 1347 puer,
685 1287 716 1329 at
734 1281 810 1329 Deus
828 1305 862 1316 —·
880 1278 933 1328 Ed·
951 1278 1012 1331 Pin.
1031 1293 1110 1347 puer:
1132 1294 1163 1331 tc
1180 1277 1231 1338 deo

397 1379 439 1427 17.
456 1375 489 1427 Τ.
508 1376 565 1427 ΑΙά.
586 1375 702 1448 quoties,
720 1405 756 1417 -
774 1375 826 1428 Ed.
843 1376 906 1430 Pin.
925 1378 1031 1442 quocisss

395 1478 440 1527 23.
459 1474 492 1528 T.
509 1474 565 1527 Md.
585 1473 697 1525 coelanti
713 1501 749 1516 -··
767 1473 818 1528 Ed.
837 1473 899 1529 Pin.
916 1476 1010 1528 celanti

396 1574 439 1624 24.
460 1568 630 1627 T.A1d.sit
651 1574 740 1638 Deus,
766 1570 883 1624 occultos
906 1572 954 1643 qui
977 1580 1056 1623 ustae

458 1668 509 1718 Ed.
527 1670 589 1723 Pin.
614 1671 659 1724 Sic
684 1669 749 1724 deus
772 1672 873 1725 ocultus
893 1674 937 1738 qui
962 1677 1036 1723 uetet

396 1770 440 1819 25.
459 1767 493 1821 Τ.
512 1768 569 1819 ΑΙά.
588 1765 645 1819 lene
664 1768 785 1836 ministro
805 1798 838 1809 -
856 1768 908 1824 Ed.
923 1769 984 1822 Pin.
1004 1771 1069 1822 loena
1086 1769 1203 1822 ministro

396 1869 441 1918 26.
459 1866 493 1918 T.
512 1865 569 1919 Md.
589 1869 615 1916 E
631 1866 704 1917 deret
721 1877 754 1918 ut
777 1866 911 1919 multo-
930 1868 982 1922 Ed.
1001 1866 1062 1920 Pin.
1080 1866 1117 1920 Et
1134 1867 1217 1919 decet.
1237 1870 1266 1917 ut
1281 1864 1362 1917 multo

396 1967 442 2017 31.
459 1963 493 2020 Τ.
513 1964 572 2017 ΔΜ.
590 1964 665 2017 nullo
686 1975 712 2016 te
732 1964 828 2019 diuitis
845 1996 881 2007 -
898 1965 950 2019 Ed.
969 1968 1031 2021 Pin.
1049 1967 1120 2018 nullo
1138 1965 1186 2016 tibi
1204 1963 1291 2015 diuitis

396 2067 441 2114 ³2.
460 2063 493 2116 T.
513 2063 571 2120 Ald.
588 2084 641 2116 non
657 2067 768 2135 gemmis
788 2094 820 2107 -·
839 2065 889 2117 Ed.
907 2063 968 2116 Pin.
988 2080 1037 2115 non
1058 2078 1166 2129 gemma

397 2166 442 2213 ³3.
460 2164 493 2216 T.
514 2164 572 2219 ΑΜ.
590 2162 640 2213 tibi
652 2161 682 2229 fi
695 2162 813 2230 pretinm
832 2191 867 2201 -
885 2162 936 2213 Ed.
953 2162 1013 2213 Pin.
1032 2162 1078 2213 tibi
1097 2161 1128 2212 fit
1145 2157 1232 2227 precis!

397 2265 441 2314 ³7.
459 2262 492 2314 T.
513 2260 570 2313 Md.
588 2267 619 2309 at
637 2278 688 2310 non
705 2285 740 2296 -
759 2259 810 2312 Ed.
826 2259 888 2309 Pin.
907 2274 938 2310 nc
956 2258 989 2310 ηὸ

397 2364 441 2413 41.
460 2358 493 2411 Τ.
513 2356 570 2411 Ald.
590 2354 745 2427 quoties-
765 2355 815 2406 Ed.
832 2355 893 2409 Pin.
913 2356 1031 2422 quotiens

398 2460 440 2508 46.
459 2455 493 2509 Τ.
511 2453 569 2507 Ald.
589 2454 650 2503 Non
663 2460 786 2524 poteram
805 2482 837 2493 -
857 2452 909 2508 Ed.
926 2455 988 2508 Pin.
1008 2453 1074 2506 Nam
1094 2452 1184 2523 poteri

398 2556 442 2604 55.
461 2551 494 2603 T.
515 2550 572 2603 Ald.
591 2548 729 2602 laxauerit
748 2579 782 2589 -
802 2551 854 2604 Ed.
871 2550 932 2604 Pin.
951 2553 1064 2605 iuuerit

398 2657 442 2703 57.
460 2650 493 2702 Τ.
510 2649 608 2703 MS
630 2648 672 2700 int
694 2657 807 2701 externa
831 2659 879 2701 tuo
895 2648 1000 2719 semper
1021 2648 1138 2720 uestigia

460 2746 511 2800 Ed.
529 2746 592 2802 Pin.
616 2749 727 2817 Semper
745 2748 794 2802 fiat
813 2756 920 2801 externa
938 2754 984 2802 tuo
1002 2749 1114 2816 uestigia

400 2849 443 2897 63.
461 2845 494 2897 Τ.
513 2845 570 2898 Ald.
590 2848 609 2895 Ι
624 2844 763 2916 nequeat
784 2846 888 2898 nullam
906 2847 1000 2898 melius

461 2941 512 2992 Ed.
530 2941 592 2997 Pin.
608 2943 656 2995 Illa
674 2945 743 2996 nulla
760 2951 839 3010 queat
861 2946 951 2997 melius

401 3045 446 3092 64.
463 3040 495 3093 Τ.
515 3040 573 3093 Ald.
591 3040 662 3112 Atq‚·
682 3059 789 3110 operum
808 3070 841 3082 -
861 3041 912 3094 Ed.
926 3042 987 3096 Pin.
1008 3045 1060 3095 Aut
1078 3058 1185 3112 operum

400 3142 444 3191 68.
463 3139 497 3191 T·
515 3138 572 3191 ΑΜ.
588 3149 747 3208 pectere-
765 3139 816 3193 Ed.
834 3140 896 3193 Pin.
915 3148 1022 3210 pectore

402 3243 447 3292 69.
465 3239 499 3294 Τ.
516 3239 574 3292 ΑΙά.
594 3241 613 3289 Ι
626 3237 666 3290 lla
684 3239 744 3291 hoec
761 3270 798 3280 -
815 3241 866 3295 Ed.
883 3242 945 3296 Pin.
963 3242 1014 3295 Ista
1033 3240 1088 3295 haec

401 3341 446 3392 79.
464 3337 497 3389 Τ.
516 3336 575 3391 ΑΜ.
594 3339 624 3388 N
639 3356 673 3389 on
685 3337 763 3409 facit
781 3338 831 3389 hoc
849 3337 930 3405 m'tto,

463 3441 515 3497 Ed.
532 3440 593 3494 Pin.
615 3440 680 3493 Haec
697 3440 826 3495 fecithoc
845 3442 930 3496 nicio:

403 3543 447 3591 76.
466 3538 499 3592 Τ.
519 3538 577 3592 ΑΜ.
596 3536 775 3590 accubuit-
794 3539 845 3592 Ed.
861 3540 923 3593 Pin.
944 3540 1066 3593 occubuit

403 3638 448 3686 78.
466 3633 500 3686 Τ.
518 3634 577 3687 ΑΜ.
597 3633 691 3704 oscula
703 3636 781 3707 ferre
800 3667 834 3677 -
852 3636 904 3689 Ed.
921 3637 981 3689 Pin.
999 3635 1102 3687 obscula
1124 3634 1180 3687 sere

404 3734 449 3784 79.
469 3731 500 3786 Τ.
522 3730 580 3785 Ald.
599 3732 719 3785 uinctum
738 3764 775 3774 -
792 3736 845 3786 Ed.
864 3734 924 3788 Pin.
942 3735 1040 3785 uictum

386 3834 450 3897 66.
468 3828 502 3885 Τ.
521 3830 579 3883 Ald.
597 3833 635 3882 Et
655 3844 730 3903 geret
750 3834 779 3883 in
797 3833 895 3903 gremio
913 3848 996 3901 regna

467 3930 518 3986 Ed.
539 3930 599 3983 Pin.
623 3930 660 3982 Et
681 3932 749 3999 gerit
768 3931 794 3985 in
813 3947 893 3999 regno
913 3946 993 3998 regna
