3009 4725
318 345 380 410 332
551 335 834 406 contumulari.
857 340 904 407 ΙΝ
926 341 1102 409 TIBULLI

317 508 364 561 aed
383 510 532 577 coniugium
549 507 669 565 Neaerae
692 514 732 566 vel
752 529 868 583 paupere
886 517 966 569 cultu.
1009 513 1077 567 Inda
1093 513 1218 585 sequium
1235 512 1334 584 reperi-

315 607 354 660 rio
372 607 586 661 antecedentium
609 628 669 663 cum
693 611 770 664 exitu
794 612 843 667 icoo
860 629 953 667 sensns
979 617 1014 668 nt
1039 615 1063 667 sl
1087 627 1138 667 uon
1162 611 1252 666 audiat
1268 612 1334 666 deus

315 712 391 773 vota,
416 721 465 761 nec
483 707 588 763 diuitiae
606 709 709 779 iurant,
734 714 781 768 aad
800 717 878 784 cupio
896 722 1013 769 mortem.
1050 714 1080 767 In
1098 713 1180 784 prima
1199 719 1272 781 parte
1291 716 1332 766 lo-

314 821 361 858 cus
379 806 414 859 de
437 807 534 862 divitiis
557 811 694 865 manifesto
719 814 788 865 insto
813 815 916 882 longior
941 821 997 878 ert,
1023 827 1107 879 neque
1130 826 1196 880 opus
1220 817 1277 864 erat
1301 818 1330 863 nt

314 909 399 960 onmia
418 907 472 960 iere
489 924 586 977 genera
606 920 818 979 recenserentur,
842 915 898 966 auri
916 913 1030 983 pondus,
1060 911 1208 975 latifundia,
1234 910 1328 964 domo-

313 1020 369 1058 runa
388 1006 458 1058 varia
482 1009 687 1075 magnificentia,
712 1009 824 1077 denique
842 1011 996 1076 margaritae
1020 1015 1048 1062 et
1068 1024 1214 1078 purpureae
1231 1015 1325 1065 vener.

311 1106 365 1158 Sed
384 1104 501 1160 dabimus
520 1106 585 1162 hocs
609 1126 666 1161 cum
685 1108 815 1176 praeierat
833 1109 928 1162 divitiis
947 1110 1098 1176 coniugium
1117 1108 1251 1173 Neaerae,
1275 1123 1327 1161 uon

310 1207 394 1259 solum
412 1204 445 1259 de
463 1206 558 1259 divitiis
575 1206 626 1259 dici
643 1206 770 1272 debebat,
793 1206 840 1260 sed
859 1207 937 1260 etiam
958 1206 991 1260 de
1015 1208 1129 1275 coniugii
1148 1206 1223 1259 buius
1239 1205 1329 1261 latura

309 1309 440 1373 felicitate,
459 1307 672 1375 quemadmodum
690 1309 741 1361 iam
760 1309 877 1362 Vnssrns
896 1309 992 1373 sensit3
1011 1310 1046 1361 ita
1065 1316 1093 1361 et
1110 1306 1246 1362 commoda
1261 1323 1327 1377 poe·

307 1418 350 1463 tac
369 1410 560 1479 praecipiebant
577 1418 605 1464 et
623 1412 786 1465 tractationis
805 1412 925 1481 poeticae
942 1411 1114 1475 concinnitas,
1132 1425 1200 1477 qnae
1218 1410 1327 1479 opperi-

308 1519 363 1565 tum
382 1512 467 1565 locum
492 1513 590 1580 pariter
613 1521 767 1567 exornatum
792 1513 909 1580 requirit
946 1511 1024 1565 Nunc
1046 1518 1133 1565 antem
1157 1510 1219 1578 quid
1242 1510 1326 1566 faciti

306 1611 416 1680 Repetit
433 1611 576 1664 identidem
594 1628 624 1665 se
642 1612 749 1665 divitem
768 1612 825 1666 siue
848 1610 954 1665 Neaera
978 1625 1037 1664 ease
1060 1612 1146 1675 nolle,
1172 1625 1269 1680 cupere
1292 1626 1324 1663 ea

305 1714 416 1780 coniuge
434 1713 483 1766 frui
503 1715 580 1768 etiam
599 1717 624 1768 iu
643 1719 814 1784 paupertate,
837 1729 921 1781 neque
940 1719 1025 1766 tumen
1043 1710 1241 1780 descriptionem
1259 1725 1323 1779 pro-

305 1818 378 1883 ponit
394 1815 477 1869 lelicis
494 1818 579 1884 vitae,
598 1834 674 1885 quam
693 1817 863 1884 imaginatur,
879 1822 909 1868 ut
927 1820 1053 1884 appareat
1070 1820 1165 1881 quanto
1184 1812 1248 1866 haee
1265 1828 1321 1865 me-

304 1917 354 1968 lior
370 1917 405 1969 sit
422 1916 525 1970 diuitiis.
562 1916 680 1984 Nempe,
698 1922 728 1968 ut
745 1916 850 1984 saepius
868 1930 975 1979 moneo,
995 1913 1127 1966 nesciebat
1144 1903 1205 1964 talia
1223 1910 1323 1964 descri-

303 2017 366 2069 bere
383 2016 552 2084 Lygdamns;
577 2019 662 2071 locum
681 2016 715 2071 de
734 2017 830 2071 diuitiis
848 2017 935 2070 multis
955 2015 1041 2067 verbis
1059 2019 1167 2078 tractat,
1194 2013 1254 2080 quia
1271 2010 1321 2064 de-

303 2116 413 2168 lectatur
431 2114 576 2169 buiusmodi
595 2117 690 2182 rebus,
709 2118 770 2170 iicet
788 2122 947 2169 contemtum
968 2129 1057 2166 earum
1076 2113 1170 2178 iactet,
1188 2112 1237 2163 alia
1255 2125 1318 2164 vero

302 2232 378 2283 apuam
404 2223 511 2270 externa
535 2233 584 2271 nec
602 2217 740 2287 descripsit
758 2232 806 2270 nec
823 2216 971 2269 describere
989 2214 1082 2282 potuit.
1127 2214 1232 2266 Fuisset
1249 2210 1315 2264 ordo

300 2332 387 2371 rerum
404 2317 571 2385 commodus,
596 2319 618 2371 si
640 2326 700 2388 post
718 2317 889 2386 descriptam,
915 2332 994 2384 quam
1010 2316 1133 2387 sperabat
1151 2317 1178 2370 iu
1196 2316 1317 2383 coniugio

300 2417 434 2483 Neaerae,
457 2418 623 2482 felicitatem,
648 2418 686 2471 sic
704 2418 875 2487 perrexisset:
906 2416 1068 2475 Onivennr,
1087 2436 1157 2490 quus
1174 2426 1202 2468 re
1215 2416 1319 2487 pararit

301 2516 366 2567 nrilrr'
387 2515 509 2573 reddere,
534 2514 638 2568 lucem!
667 2519 690 2567 0
716 2516 782 2569 ruibr'
803 2516 913 2589 felicem
940 2526 1032 2589 terqua
1058 2526 1207 2589 quaterque
1231 2517 1319 2570 daem!

300 2616 386 2669 Adsis
398 2626 426 2668 st
441 2616 543 2668 timidis
548 2617 662 2689 favens,
677 2616 819 2674 Saturnia,
837 2616 908 2669 notia
918 2618 956 2667 Er
966 2614 1068 2687 faveae
1082 2616 1190 2672 ronchu,
1209 2616 1318 2685 Cyprio.

298 2726 376 2769 recta
395 2726 456 2767 tun.
491 2717 553 2769 Aut
571 2716 597 2768 εἰ
608 2715 680 2786 futu
698 2725 798 2786 negant
815 2716 932 2768 reditum
951 2722 1002 2769 etc.
1038 2714 1115 2769 Nunc
1132 2722 1219 2769 autem
1238 2717 1314 2785 plena

298 2817 383 2869 omnia
401 2816 494 2869 ieiunis
512 2814 709 2882 repetitionibus
727 2823 796 2881 sunt,
815 2832 863 2869 nec
877 2816 1017 2883 quidquam
1031 2815 1145 2869 deterius
1160 2822 1188 2869 et
1203 2817 1317 2884 ineptius

297 2917 360 2983 tingi
384 2922 472 2985 potest
489 2914 570 2966 altera
594 2922 669 2981 parta
692 2914 821 2969 carminis.
858 2914 926 2969 Vide
951 2915 1029 2968 modo
1050 2922 1110 2985 poet
1134 2917 1193 2969 illa:
1221 2916 1264 2969 Ae
1280 2915 1316 2972 ei.

293 3035 344 3086 pro
363 3014 437 3067 dulci
454 3013 543 3068 reditu
563 3032 736 3087 quaecunque
755 3025 900 3074 voventur,
923 3016 1033 3069 Audiat
1051 3033 1149 3069 averna
1166 3034 1219 3068 non
1241 3033 1315 3070 meus

296 3131 364 3164 nure
383 3113 464 3173 deus,
488 3113 544 3164 Nee
566 3131 607 3165 me
630 3130 714 3184 regna
737 3113 836 3165 iuuant
857 3132 904 3165 nec
921 3115 1029 3186 Lydius
1046 3116 1155 3189 aurifer
1172 3115 1259 3169 omnia
1277 3144 1314 3157 -··

296 3196 364 3265 huno
388 3217 502 3269 exilums
530 3216 593 3268 Aur
619 3213 645 3266 ri
666 3213 738 3286 fata
763 3225 865 3287 negant
889 3216 1007 3269 reditum
1033 3217 1179 3290 tristesque
1197 3235 1310 3275 acroma,

294 3312 419 3366 Stunrr’nn
432 3334 502 3389 quus
518 3315 621 3369 ducunt
639 3332 761 3389 quaeque
774 3314 881 3387 futura
898 3327 1006 3389 regunt,
1023 3320 1071 3371 Me
1086 3325 1159 3370 vocer
1174 3316 1204 3367 iu
1219 3324 1315 3368 eustos

293 3428 385 3463 omnes
401 3413 561 3499 mgrnmque
576 3416 705 3488 paludem
723 3420 824 3477 Orcus,
849 3419 894 3473 nbi
915 3419 1007 3473 eadem
1025 3421 1102 3488 plane
1122 3418 1233 3489 protasis
1253 3432 1312 3470 cum

292 3512 394 3567 diversa
411 3514 535 3584 apodoai,
556 3534 606 3573 nec
623 3536 690 3590 opus
707 3527 794 3575 estut
812 3523 888 3592 plura
904 3521 1037 3576 addamus.
