3009 4725
586 367 770 436 TlBULLl.
1114 402 1188 442 ‚mu

155 554 293 612 carmina
325 550 424 631 plena
452 545 635 608 sublimium
655 565 823 626 sensuum,
855 571 991 634 quorum
1012 567 1116 618 tamen
1138 561 1186 620 in-

154 669 316 729 tellectum
345 663 491 746 aliquem
517 681 643 726 necesse
667 676 714 727 est
737 665 894 754 habuerit.
945 666 1079 731 callidas
1105 683 1186 734 artes

156 783 290 845 uberum
319 779 504 862 puellarum
533 774 658 840 credam
683 780 723 842 ab
746 800 783 841 eu
808 780 942 858 alicnus,
965 793 1038 845 'cum
1058 784 1186 848 Tibullo

158 897 384 974 innotescerem
406 907 440 957 at
460 894 611 957 amabiles
631 915 736 958 mores
756 897 896 974 luerunt,
917 899 983 962 sive
1004 898 1187 965 educatione

165 1012 232 1075 aire
256 1012 319 1075 alio
339 1009 432 1074 modo
452 1010 550 1092 parti.
593 1010 753 1089 Ingenium
776 1012 953 1091 erat-mite3
986 1013 1134 1076 saevitiae
1157 1028 1188 1078 et

166 1128 332 1209 superbiae
352 1127 474 1189 nullum
494 1125 661 1205 vestigium
682 1138 794 1190 exstat.
842 1126 910 1190 Nec
930 1129 1108 1205 lemuriam,
1138 1132 1189 1192 cui

162 1243 307 1306 Nemesis
328 1255 491 1324 tantopere
514 1240 636 1320 dedita,
662 1243 698 1303 in
721 1243 772 1304 his
794 1244 897 1323 elegiis
918 1242 1062 1326 queritur
1083 1252 1187 1323 poeta,

160 1355 217 1421 sed
236 1357 346 1440 potius
360 1357 527 1438 probabile
550 1368 597 1418 ost
617 1356 844 1438 simplicitatem
866 1358 1022 1441 quandam
1042 1359 1124 1422 vitae
1146 1376 1187 1420 ex

160 1471 279 1550 origine
296 1469 431 1551 plebeia,
453 1482 624 1553 antequam
639 1483 894 1553 corrumperetur
909 1472 1092 1535 muneribus
1109 1472 1187 1536 alio·

160 1604 243 1661 rum,
262 1585 304 1646 ab
327 1606 366 1647 ea
386 1597 550 1663 retentam,
571 1606 667 1669 quam
687 1597 759 1667 post
779 1585 914 1650 reditum
936 1608 953 1650 e
978 1587 1117 1671 Corcyra
1136 1588 1186 1649 in·

163 1697 275 1762 suune
288 1700 365 1764 vuit
378 1721 508 1783 vespere
527 1702 611 1764 inter
629 1701 756 1766 ancillas
777 1702 819 1766 ad
838 1707 1000 1767 lucernam
1019 1717 1119 1768 matrs
1139 1705 1187 1767 la·

169 1813 273 1876 bellas
299 1830 443 1879 narrante
465 1817 600 1882 femineo
626 1831 708 1882 caste
733 1833 915 1902 occupatam
936 1822 1063 1899 labore,
1092 1841 1188 1904 quam

165 1930 322 2013 sperabat
348 1931 473 2011 negotia
501 1931 661 1997 domestica
691 1936 725 1996 in
758 1934 888 2016 praedio
918 1956 977 1998 suo
1010 1947 1189 1996 uncturam

163 2045 220 2120 sic,
244 2057 283 2108 ut
301 2042 452 2107 describit
469 2045 502 2107 in
523 2048 641 2131 quinte.
684 2045 777 2111 Certe
793 2047 969 2110 aNemesis
986 2047 1070 2108 laun
1087 2047 1187 2108 aliene

164 2164 251 2225 baec.
297 2161 385 2223 Talis
404 2161 471 2223 lere
489 2183 561 2225 cnm
581 2162 676 2224 Delia
698 2175 791 2242 esset,
813 2163 958 2224 Tibullus
979 2160 1117 2243 primum
1138 2159 1188 2222 in·

166 2296 277 2340 census
290 2276 524 2359 pulchritudine
547 2279 624 2356 eius,
646 2279 689 2342 sic
704 2299 772 2341 eam
790 2300 893 2342 antaee
907 2278 1020 2360 coepit,
1041 2289 1188 2360 utquam

169 2407 348 2474 perpensam
368 2395 487 2457 sociam
506 2396 589 2457 vitae
610 2392 650 2456 nd
664 2407 797 2457 mortem
811 2396 927 2460 habere
944 2394 1062 2476 cupias.
1103 2391 1187 2470 Quid

168 2511 293 2574 mollius
316 2511 365 2574 bie
385 2512 492 2575 verbis
513 2510 540 2588 l,
563 2515 591 2589 1,
616 2517 674 2573 59:

252 2628 299 2690 Te
321 2638 474 2708 spectem,
500 2646 648 2707 suprema
667 2625 746 2689 mibi
769 2645 840 2686 cum
862 2624 985 2688 venerit
1007 2623 1097 2699 horo,

297 2738 346 2800 Te
366 2750 487 2801 teneam
508 2740 647 2803 moriens
669 2738 830 2803 deficiente
851 2756 958 2797 manu.
1065 2757 1067 2760 ·

167 2857 215 2918 Ac
236 2854 364 2919 volebat
383 2876 467 2934 eam,
497 2867 534 2918 ut
558 2876 654 2938 supra
678 2856 763 2934 dixi,
792 2873 853 2937 pro
881 2868 983 2913 uxore
1005 2868 1110 2909 secum
1133 2853 1188 2910 hn-

166 2974 243 3035 bere
263 2993 351 3046 rnre,
372 2984 403 3035 et
421 2973 546 3034 felicem
566 2971 663 3036 vitant
684 2972 745 3034 sibi
766 2970 910 3051 fingebat,
933 2966 960 3028 si
977 2974 1079 3026 ansata
1101 2965 1192 3044 quasi

166 3086 401 3148 materfamilias
423 3087 530 3149 omnin
552 3097 685 3164 cureret,
706 3080 970 3169 quemadmodum
987 3079 1118 3162 pulchre
1136 3076 1190 3141 de·

166 3201 277 3263 smssrit
296 3200 321 3277 l,
342 3204 372 3278 5,
396 3204 436 3261 21
459 3219 548 3283 sqqt

253 3314 342 3377 Rure
363 3316 465 3377 colam
485 3316 677 3398 frugumque
700 3309 800 3376 aderit
820 3334 890 3375 mea
911 3308 1005 3373 Delia
1029 3323 1140 3386 custos,

298 3432 381 3491 Area
401 3426 477 3491 dum
499 3410 615 3491 messed
636 3429 701 3490 sole
725 3429 844 3490 calente
865 3437 955 3503 teret,

254 3542 319 3603 Ant
340 3542 419 3604 mihi
439 3543 578 3605 servabit
598 3542 700 3624 plenis
720 3541 753 3603 in
775 3540 921 3603 lintribus
944 3560 1031 3617 uvas,

299 3658 473 3742 Pressaque
493 3659 597 3721 veloci
618 3656 749 3719 candida
771 3669 872 3718 musta
892 3652 981 3737 pede,

257 3771 449 3837 Consuescet
471 3796 639 3839 numerare
659 3795 765 3857 pecus,
788 3783 969 3836 consuescet
990 3767 1120 3830 manantis

300 3887 455 3954 Garntlus
476 3893 511 3953 in
534 3891 677 3956 dominos
699 3889 808 3955 ludere
828 3911 928 3955 uerna
948 3888 1030 3951 sinu.

257 4001 316 4062 llle
337 4000 395 4068 deo
420 4006 497 4069 sciet
519 4007 670 4087 agricolae
692 4026 751 4089 pro
773 4006 889 4070 vitibus
912 4021 1015 4079 uvam,

302 4116 364 4182 Pro
386 4131 490 4199 tegete
513 4123 627 4204 opicus,
649 4140 709 4203 pro
731 4141 821 4200 grege
845 4120 926 4179 terro
948 4113 1071 4195 dapem.
