3009 4725
311 394 362 467 92
588 394 774 467 TIBULLI
806 394 890 469 LlB.
910 397 965 472 IV.
983 411 1010 469 e.
1029 415 1058 470 7.

310 578 526 679 15Preecipit
552 596 584 651 et
609 596 709 654 natae
735 598 844 654 meter
868 581 1042 671 studiosa,
1072 583 1168 685 qued
1190 604 1302 687 optet:

405 706 468 781 Ille
494 705 589 781 aliud
615 707 734 798 tacita,
767 709 835 784 iam
861 740 944 800 sua,
976 727 1087 785 mente
1110 730 1216 809 roget.

349 836 488 926 Uritur,
520 853 559 909 ut
580 834 705 911 celeres
732 857 837 913 urunt
863 838 982 912 altan’a
1003 839 1178 929 flammae,

400 967 489 1055 Nec,
522 964 622 1039 liceat
644 967 816 1067 quemvis,
850 996 935 1041 sana
954 967 1060 1042 fuisse
1086 966 1182 1057 velit,

345 1094 403 1183 Si,
438 1095 551 1169 iuveni
579 1114 674 1194 grata
700 1097 811 1172 veniet
836 1127 913 1171 cum
940 1097 1116 1198 proximus
1144 1125 1273 1184 annus,

308 1223 1155 1302 aeffimmmmfflm.

616 1582 914 1654 CARMEN'
948 1584 1020 1646 Vll.

341 1716 524 1861 Tandem
546 1788 637 1862 venit
662 1815 777 1880 emor,
801 1789 944 1891 'qualem
969 1789 1091 1863 texisse
1115 1788 1241 1890 pudori

404 1915 521 2012 Quam
547 1918 696 1993 nudasse
723 1918 825 1996 alicui
848 1919 892 1994 sit
916 1918 1001 1992 mihi
1024 1919 1115 1993 seme
1136 1918 1255 2016 magis.

347 2047 495 2120 Exorata
514 2049 599 2123 meis
625 2049 721 2124 illum
745 2050 910 2154 Cytherea
938 2049 1095 2121 Camenis

393 2175 516 2249 Attulit
540 2177 576 2249 in
603 2196 758 2250 nestrum
785 2173 1009 2273 deposuitque
1032 2173 1155 2243 sinum.

322 2303 480 2379 5Exolvit
504 2305 672 2402 promisse
698 2308 829 2377 Venus:
867 2327 942 2373 mee
964 2300 1092 2397 gaudia
1118 2315 1250 2386 narret,

396 2433 538 2504 Dicetur
559 2430 666 2528 siquis
693 2458 764 2503 non
790 2428 952 2503 habuisse
979 2457 1049 2501 sua.

344 2561 423 2632 Non
448 2586 511 2656 ego
538 2558 681 2656 signatis
707 2560 891 2660 quiequam
916 2557 1082 2632 mandare
1107 2555 1266 2645 tabellis,

342 2738 348 2749 ·
395 2690 447 2763 Ne
474 2685 565 2789 legat
589 2688 627 2761 id
652 2716 753 2763 nemo
780 2717 882 2789 quem
909 2715 1005 2761 meus
1032 2703 1128 2774 ente,
1159 2684 1276 2773 velim,

342 2819 413 2895 Sed
436 2846 595 2920 peccasse
621 2802 731 2908 iuvet,
763 2817 875 2891 vultus
902 2843 1107 2917 componere
1132 2814 1243 2888 fernae

307 2969 344 3024 10
401 2948 550 3023 Taedet:
588 2976 666 3024 eum
693 2949 801 3046 digne
827 2948 931 3046 digna
955 2948 1061 3021 fuisse
1088 2945 1187 3019 serae.

377 3190 410 3244 V.
422 3193 464 3244 16.
488 3191 543 3244 Pto
566 3195 600 3241 et
621 3189 702 3255 vulgo
724 3203 758 3238 en
781 3186 815 3240 de
839 3186 988 3240 coniectura
1004 3185 1195 3248 Bnenxnesn,
1219 3180 1326 3248 etipse

303 3288 441 3355 elgnifieet
463 3314 497 3328 -
532 3286 601 3339 Tum
628 3287 708 3352 vulgo
737 3284 805 3356 quid
830 3300 846 3337 e
870 3286 960 3337 Lmn
986 3282 1126 3351 excerptis.
1178 3277 1232 3332 Sed
1256 3277 1324 3330 cent.

303 3384 511 3449 11,5,18.-
549 3385 638 3439 V.1e.
661 3385 725 3437 iem
748 3399 818 3436 eun.
858 3383 939 3435 lem
963 3382 1018 3432 iam
1039 3378 1098 3432 sthi.
1143 3379 1229 3442 Vulgo
1254 3372 1323 3424 clam

303 3478 356 3533 sibi
378 3480 412 3534 de
431 3485 583 3537 coniectura
600 3482 731 3548 amau,
756 3481 868 3535 admisse
889 3482 1000 3550 primum
1023 3494 1037 3529 e
1062 3478 1251 3527 Bnomesm.

377 3597 409 3650 V.
425 3601 467 3651 19.
493 3599 569 3652 Libri
592 3599 644 3665 Si,
671 3597 728 3664 Sis,
757 3597 802 3649 Sic
827 3602 957 3664 corrupte.
974 3619 1007 3631 -
1053 3588 1171 3641 veniet
1197 3582 1324 3653 plerique.

304 3696 394 3749 Altera
414 3697 492 3750 lectio
510 3696 635 3747 adveniet
654 3702 703 3751 eet.
1176 3686 1182 3697 ’

375 3818 409 3871 V.
423 3821 448 3869 1.
472 3815 599 3886 pudori
623 3823 701 3870 reete
745 3816 798 3869 ΔΙίί
817 3811 981 3883 pudore·
1022 3810 1055 3863 V.
1069 3812 1095 3861 2.
1120 3807 1230 3875 megin
1258 3804 1325 3857 libri.

303 3917 390 3985 Vulgo
414 3915 499 3967 minor
522 3915 556 3968 de
579 3916 726 3969 coniectura
750 3915 904 3967 Intem-
922 3939 956 3949 -
1000 3909 1032 3962 V.
1045 3913 1071 3962 6.
1096 3924 1155 3961 ena
1181 3907 1242 3959 θυι,
1262 3921 1324 3958 ver.

304 4029 383 4065 tuem
408 4014 499 4066 ceteri.
524 4042 561 4054 -
607 4014 639 4066 V.
652 4018 679 4065 θ.
711 4010 759 4065 Ne
785 4010 843 4064 cod.
870 4009 957 4065 Enete.
984 4008 1080 4077 altique
1107 4013 1133 4060 et
1162 4021 1222 4059 eum
1247 4007 1326 4057 Anne

303 4116 455 4167 Semnan.
492 4113 543 4165 etit
566 4111 626 4163 beni
645 4112 698 4161 Me.
736 4112 855 4162 Pvecwe
877 4110 924 4162 Ut.
