3009 4725
542 431 724 499 risuum.
1078 473 1152 519 xm

126 628 181 679 aut
202 628 263 677 tres
284 585 403 695 parte?
416 607 530 669 habeat
549 607 688 672 medium
711 632 855 691 carmen,
878 611 929 681 bic
949 629 1055 685 tamen
1075 628 1149 693 sim-

126 736 198 814 plex
219 744 264 793 est
281 745 474 810 progressus
490 746 609 805 rerum,
633 748 700 789 non
718 725 831 792 divisio
848 732 985 812 plurium
1003 745 1148 824 partium,

127 847 181 910 sed
215 846 309 909 unius
344 846 447 904 laetae
482 840 699 924 descriptionis
733 844 783 907 vis
818 849 968 914 continuo
999 876 1149 924 crescens.

128 963 211 1024 Nem
230 962 378 1022 bellicoso
399 955 534 1020 exordio
556 972 737 1040 pacatarum
758 962 924 1040 regionum
946 977 976 1028 et
995 974 1149 1036 ruralium

134 1094 299 1136 munerum
327 1092 452 1134 suarem
479 1072 648 1152 imaginem
676 1073 841 1136 succedere
866 1079 982 1160 voluit,
1017 1097 1053 1146 ut
1080 1089 1148 1150 laus

133 1189 284 1250 Messalae
305 1208 346 1248 ex
365 1199 495 1269 utmque
516 1208 632 1267 genere
650 1208 759 1252 rerum
776 1194 946 1272 composita
966 1198 1147 1286 haberetur,

129 1303 167 1364 de
196 1325 259 1386 qua
288 1301 452 1363 hamtonia
480 1301 702 1382 oppositortuu
732 1322 829 1383 supra
858 1302 984 1372 dictum.
1034 1313 1146 1379 Exitus

126 1417 260 1500 denique
294 1437 365 1479 cum
397 1411 523 1480 Osiride
556 1415 698 1478 Genium·
723 1431 816 1481 vocat
850 1420 892 1481 ad
923 1425 1144 1496 honorandum

123 1535 200 1594 laete
224 1532 311 1593 huuc
337 1529 436 1606 diem,
466 1548 527 1610 pro
553 1531 643 1592 cuius
670 1529 775 1592 reditu
802 1531 934 1597 candido
956 1552 1030 1604 vota
1052 1543 1144 1611 fiune,

124 1647 222 1709 Vides
245 1648 396 1719 unitatem
420 1646 564 1727 partibus
589 1645 654 1707 suis
682 1647 867 1711 absolutam.
885 1683 929 1698 ·-
970 1655 1143 1722 Veniamus

126 1758 168 1822 ad
189 1762 248 1822 ulis
268 1761 355 1822 lestis
378 1762 502 1841 scripta.
544 1759 681 1823 Carmen
701 1764 758 1839 tv,
773 1769 806 1826 2.
828 1763 922 1825 hsbst
940 1767 1049 1832 laudes
1070 1772 1142 1837 Sul·

124 1876 245 1957 piciae,
276 1893 349 1934 cum
372 1874 524 1937 Kalendis
551 1876 675 1939 Martiis
706 1874 790 1939 dona
818 1878 848 1938 ei
876 1879 1073 1945 mitterentur
1101 1888 1141 1948 ab

124 1999 259 2050 amunte.
300 1987 408 2069 Atque
431 2001 465 2049 ut
485 1990 575 2068 vulgo
592 2001 723 2052 vocatur
743 1989 777 2050 in
796 1990 884 2052 festis
902 1988 978 2056 deus
998 2009 1032 2056 ut
1053 1995 1141 2074 adsit,

121 2103 165 2164 sic
194 2121 281 2162 nunc
309 2100 345 2161 in
375 2096 506 2162 exordio
532 2100 618 2163 Mars
645 2112 785 2164 vocatur.
836 2102 1038 2168 Tractaturus
1064 2130 1142 2173 reru

120 2226 211 2296 poeta
233 2211 342 2276 laudes
363 2214 505 2293 puellae,
529 2210 573 2274 ita
594 2225 687 2277 vocat
707 2211 802 2279 deum
822 2230 859 2280 ut
881 2218 1141 2303 suspectandam

121 2330 346 2393 ornatissimam
368 2327 522 2393 Kalendis
543 2331 608 2394 suis
632 2333 773 2412 pueliam
795 2335 910 2401 veniat.
953 2335 1043 2415 Quas
1066 2365 1140 2424 per.
1194 2351 1197 2358 ·

118 2447 250 2526 pulchre
277 2446 429 2509 inventio.
490 2447 557 2509 lam
589 2450 625 2510 in
652 2448 758 2513 medio
787 2454 922 2518 carmine
952 2456 1140 2525 describitur

119 2572 268 2624 venustas
292 2562 416 2642 puellae
440 2560 510 2643 ipsa
534 2564 770 2644 elegantissime.
819 2570 966 2654 Denique
992 2575 1026 2636 in
1050 2579 1138 2643 exitu

116 2688 194 2740 vota
221 2676 317 2754 fiunt,
344 2689 380 2739 ut
407 2679 524 2743 multos
549 2680 585 2742 in
613 2702 714 2746 annos
739 2681 913 2747 celebretur
932 2690 1051 2767 pariter
1077 2693 1138 2756 hoc

113 2791 236 2854 festum
254 2789 349 2853 lautis
362 2792 537 2859 Musarum.
577 2796 694 2862 Notavi
712 2796 777 2859 iam
795 2816 893 2878 suprs
911 2800 992 2861 nibil
1012 2805 1139 2865 concin-

111 2906 192 2968 nius
213 2904 349 2985 reperiri
364 2926 453 2986 posse
475 2906 612 2988 elegidiis
632 2910 708 2973 libri
725 2911 841 2995 quarti.
884 2907 946 2971 Sed
962 2908 1035 2973 vide
1053 2932 1139 2975 nunc

111 3023 170 3083 slis
200 3020 330 3082 maiora.
372 3018 517 3085 carmine
539 3020 580 3100 ΙΙ,
599 3026 628 3083 1.
650 3024 819 3085 exhibetur
833 3021 1070 3085 Ambarvalium
1089 3043 1139 3084 ss·

112 3156 244 3200 crorum
258 3135 378 3214 imag03
399 3135 476 3196 baec
490 3134 585 3213 igitur
602 3147 649 3198 est
663 3135 735 3199 idea
750 3139 875 3216 elegiae.
914 3136 980 3198 Iam
996 3137 1138 3200 tractatio

109 3253 193 3316 baec
215 3264 278 3327 est,
305 3263 341 3312 ut
362 3249 522 3312 celebrans
544 3234 715 3333 aliquatido
742 3253 819 3314 hsec
843 3272 930 3313 sucre
951 3252 985 3313 in
1005 3250 1137 3332 praedio

108 3388 167 3432 suo
203 3378 298 3448 poeta
323 3366 425 3449 ipsam
451 3387 520 3428 rem
541 3365 618 3430 dum
641 3368 743 3448 agitur
770 3388 829 3448 per
857 3379 943 3427 setus
968 3385 1042 3429 suos
1062 3380 1136 3431 sntc

109 3482 225 3543 oculos
251 3492 364 3560 ponat,
396 3490 491 3562 atque
522 3466 696 3543 absolvitur
723 3493 824 3544 totum
853 3478 1024 3544 indictione
1048 3483 1137 3560 secti,

110 3615 144 3656 re
163 3594 278 3659 diviua
299 3594 385 3676 ipsa,
416 3595 505 3657 exitu
526 3597 607 3659 sesti.
657 3597 756 3675 igitur
776 3598 811 3657 in
832 3593 964 3659 exordio
987 3593 1136 3659 indicitur

112 3728 253 3773 merum:
275 3720 431 3772 vocantur
451 3706 511 3785 dii,
535 3708 730 3789 praecipitur
751 3710 879 3771 cessatio
898 3710 1063 3785 laborum,
1086 3728 1136 3769 sr-

113 3840 219 3888 cenum
242 3824 300 3907 qui
321 3844 389 3887 non
410 3826 495 3887 casti.
538 3825 576 3886 lu
594 3821 698 3885 medio
718 3824 866 3900 carmine,
888 3823 944 3885 ubi
961 3842 1011 3883 res
1029 3818 1135 3887 dirim

111 3936 177 4017 ipss
195 3940 248 4019 fit,
272 3936 355 4002 duos
376 3950 464 4001 setus
486 3936 675 4019 distinguam
698 3938 837 4019 primum
858 3938 942 4001 enim
963 3937 997 3998 fit
1019 3933 1135 3997 sucrifi-

115 4049 207 4131 cium,
229 4073 306 4134 ergo
327 4052 570 4131 circumductio,
599 4054 770 4117 immolatio
791 4051 912 4115 hostias
934 4061 965 4113 et
985 4047 1136 4131 precatio,

114 4161 221 4231 deinde
239 4168 354 4252 epulas
375 4182 555 4255 sequuntur
573 4190 644 4232 cum
662 4181 766 4233 csntu.
809 4169 912 4248 Atque
927 4165 1013 4226 hunc
1029 4164 1135 4227 locum
