3009 4725
502 299 687 373 TIBULLI
723 298 809 372 LlB.
830 301 872 373 Il.
891 313 917 373 5.
1173 309 1222 381 55

241 490 330 586 (Hae
355 485 430 560 fore
457 485 617 561 dixerunt
641 484 722 560 belli
747 485 838 559 mala
863 487 963 585 signa
989 509 1160 581 cometen,

290 616 423 692 Multus
449 633 489 691 ut
512 617 550 690 in
577 634 683 690 terras
707 615 949 718 deplueretque
975 618 1076 720 lapis:

240 750 351 852 Atque
374 748 477 823 tubas
497 765 599 847 atque
625 774 719 821 arma
742 746 858 821 serunt
882 749 1094 849 strepitantia
1115 749 1208 828 caelo

293 878 423 952 Audita
448 894 480 951 et
502 876 599 950 lucos
625 876 858 976 praecinuisse
884 877 1021 977 sugam:

204 1009 368 1109 aslpsum
393 1007 492 1080 etiam
517 1005 632 1096 Solem
657 1005 828 1080 delectum
854 1006 983 1081 lumine
1008 1008 1094 1082 vidit

301 1138 445 1233 Iungere
471 1134 634 1236 pallentes
660 1134 801 1209 nubilus
825 1164 935 1211 annus
962 1165 1068 1239 equos

240 1264 285 1338 Et
310 1264 492 1339 simulacra
517 1263 621 1338 deum
646 1263 803 1338 lacrimas
824 1266 955 1340 fudisse
976 1285 1127 1368 tepentes

293 1396 445 1496 Fataque
466 1394 601 1469 vocales
624 1396 880 1495 praemonuisse
906 1397 1027 1498 bores)

245 1525 336 1598 Haec
362 1523 498 1599 fuerant
525 1523 626 1598 olim:
648 1523 709 1597 sed
731 1541 768 1597 tu
794 1525 862 1598 iam
886 1527 994 1617 mitis,
1027 1525 1171 1628 Apollo,

205 1669 243 1724 80
300 1653 464 1752 Prodigia
488 1654 666 1728 indomitis
689 1682 805 1753 merge
831 1655 896 1729 sub
922 1656 1146 1757 aequoribus,

241 1781 286 1853 Et
310 1808 473 1875 succensa
499 1784 603 1858 sacris
630 1785 772 1886 crepitet
799 1784 887 1858 bene
913 1784 1028 1859 laurea
1054 1786 1220 1877 llammis,

296 1911 421 1986 Omine
447 1941 515 2012 quo
541 1912 620 1987 felix
642 1930 673 1986 et
699 1940 796 1986 sacer
821 1942 931 1987 annus
958 1914 1031 1986 erit„

241 2043 374 2116 Laurus
401 2042 461 2116 ubi
483 2042 575 2116 hona
602 2044 702 2141 signa
725 2042 837 2133 dedit,
870 2043 1015 2141 gaudete
1042 2040 1174 2118 coloni:

295 2171 476 2246 Distendet
501 2172 605 2274 spicis
629 2172 753 2245 horrea
779 2172 880 2274 plena
907 2174 1028 2263 CereS,

206 2299 388 2376 850blitus
415 2318 448 2376 et
473 2318 587 2376 musto
613 2301 711 2375 feriet
734 2301 823 2404 pede
845 2303 993 2378 rusticus
1019 2331 1120 2394 uvas,

293 2430 396 2503 Dolia
419 2431 502 2505 dnm
528 2432 646 2530 magni
672 2430 897 2534 deficiantque
919 2433 1022 2508 lacus.

250 2556 297 2631 At
320 2558 481 2634 madidus
502 2561 640 2637 Baccho
665 2589 727 2635 sua
751 2561 836 2636 festa
860 2560 980 2635 Palilia
1003 2579 1121 2669 pastor

298 2689 481 2765 Concinet:
513 2720 533 2767 a
557 2691 701 2768 stabulis
727 2709 808 2765 tunc
834 2688 955 2792 procul
981 2707 1049 2763 este
1075 2690 1157 2791 lupi.

275 2982 309 3034 V.
322 2956 627 3051 tasstrepttantts
653 2981 712 3035 libri
736 2980 835 3050 optimi.
881 2978 960 3036 Quod
986 2978 1182 3030 Brooxnosros
1206 2992 1223 3030 e

204 3080 332 3132 noonuiiIs
353 3081 469 3149 reposuit
485 3086 565 3148 atque
583 3082 661 3133 wrm
680 3096 759 3135 enin.
781 3095 874 3133 eurus.
893 3092 954 3132 unt.
972 3093 1036 3130 onn.
1057 3078 1126 3128 1472
1145 3072 1223 3128 habet

205 3177 383 3245 crepitantia,
407 3185 450 3231 est
466 3181 546 3245 vulgo
565 3180 697 3248 proprium
716 3179 749 3232 de
768 3179 854 3231 ermis.
890 3178 930 3229 Ao
947 3181 1063 3228 notatum
1082 3179 1123 3226 est
1142 3190 1223 3263 saepe

206 3276 348 3342 permutari
365 3279 391 3328 in
406 3277 478 3329 tibris
494 3276 540 3329 itas
554 3294 646 3344 voces,
669 3277 703 3331 cf.
716 3278 861 3329 Dnsxsns.
874 3274 907 3327 ad
921 3274 978 3327 Lir.
989 3273 1023 3339 V,
1032 3275 1076 3326 47.
1096 3270 1223 3339 xxxix,

205 3374 251 3427 to.
287 3371 386 3426 Tsmeu
404 3373 465 3427 nihii
487 3375 586 3429 andem
603 3381 693 3429 contra
711 3375 892 3428 auctoritatem
913 3372 1046 3425 librorum.

278 3491 311 3545 V.
323 3495 368 3547 w.
391 3492 479 3559 Vulgo
500 3490 611 3563 suerint
636 3491 669 3546 de
694 3491 843 3545 conicum
863 3488 1046 3542 Bnomusrr.

277 3607 310 3659 V.
320 3611 365 3661 88.
382 3608 477 3663 Lectio
495 3607 562 3662 ubi.
591 3608 705 3661 Vossius
719 3608 786 3660 maie
800 3605 857 3671 uti,
874 3620 951 3673 quem
964 3606 1081 3672 sequitur
1094 3604 1224 3656 Brontes.

207 3705 293 3772 Vulgo
317 3705 358 3773 io,
387 3723 456 3774 quse
481 3724 541 3760 rere
566 3707 669 3775 poetice
693 3712 734 3758 est
758 3706 872 3760 Hernsn
896 3706 1059 3769 coniectura,
1088 3701 1167 3754 modo
1191 3716 1224 3753 ne

206 3808 259 3855 tam
276 3803 407 3858 dissimilis
428 3812 498 3858 esset
520 3806 624 3861 lectioni
646 3805 777 3857 librorum.

275 3919 308 3971 V.
319 3923 364 3973 86.
387 3917 564 3990 deficiantque
578 3921 733 3973 Rssrsrrsrs
752 3924 782 3971 ut
799 3928 1075 3978 dormientum,
1097 3910 1167 3979 quod
1184 3926 1228 3964 re·

202 4027 330 4086 ceperunt
350 4018 480 4085 Vossius,
501 4018 675 4085 iiusouttus,
694 4018 832 4083 Baculus,
849 4019 1029 4072 Gonsssrus.
1065 4011 1126 4067 Noti
1144 4014 1228 4081 sequi.
