3009 4725
334 443 474 486 ccxxxrr
735 423 793 485 DE
817 422 936 491 POESI

335 613 407 654 aem
439 588 574 654 nominis
603 590 637 651 in
667 589 820 670 singulari
848 611 919 654 cum
947 593 1045 657 verbo
1074 593 1110 680 in
1141 595 1257 676 plurali
1289 615 1352 657 non

334 703 436 768 video¹
459 702 543 785 apud
571 703 750 779 Tibullum,
791 724 885 787 quam
916 716 1020 768 tamen
1051 703 1228 790 Lygdamus
1258 709 1353 771 habat

332 817 393 894 ΙΠ,
415 817 453 893 4,
476 822 514 879 9:
541 818 698 879 nauem
722 821 857 878 neuras
879 819 1018 881 bammum
1039 826 1242 898 genruomlna
1264 825 1352 882 nactis

332 933 424 991 Ferre
449 934 497 1012 plo
522 932 650 1011 puram.
708 928 796 991 idem
825 930 1030 994 archaismum
1058 935 1119 996 eibi
1148 933 1288 1015 permisit
1315 945 1350 994 ut

330 1039 456 1104 videtur
476 1042 531 1120 Ill,
552 1048 582 1119 6,
600 1045 659 1104 55:
680 1043 758 1103 nobis
777 1047 891 1104 inimica
910 1050 1040 1122 manui,
1059 1058 1153 1128 atqua
1175 1047 1236 1108 clia
1254 1047 1352 1106 multa

329 1156 457 1217 inaulita
473 1156 578 1216 habet.
620 1155 701 1217 Dico
720 1167 834 1238 patore
850 1161 938 1219 berec
952 1169 1001 1219 tuo
1022 1158 1198 1239 111,4,8t;
1220 1157 1354 1221 Maereat

327 1291 449 1347 gauro,
493 1273 550 1330 viro
578 1268 640 1347 ΙΙΙ,
664 1275 702 1346 2,
728 1270 787 1346 14;
825 1274 952 1332 minum
985 1277 1103 1353 precari
1136 1272 1213 1335 ibid.
1242 1277 1353 1348 v.15;

330 1387 439 1444 mutam
460 1384 549 1443 luceru
578 1382 639 1460 111,
660 1388 695 1456 3,
714 1387 776 1460 283
804 1394 913 1464 myrtea
939 1406 1023 1445 coma
1051 1384 1166 1462 111,4,
1187 1391 1246 1462 283
1274 1385 1356 1460 digiti

332 1518 398 1557 cum
418 1518 483 1558 uoco
506 1497 591 1558 beuti
614 1495 707 1558 tull.
727 1492 803 1556 ibid.
811 1540 820 1573 ,
843 1500 895 1558 n'te
915 1509 1012 1559 cattus
1033 1520 1062 1560 v.
1072 1499 1125 1559 43.
1147 1495 1223 1558 ibid.
1245 1508 1274 1557 ct
1289 1494 1352 1576 fill·
1391 1473 1394 1476 .

330 1614 396 1671 serit
414 1610 460 1669 lu'c
478 1613 560 1670 nibeis
574 1610 670 1670 Delius
685 1609 806 1671 alanna.
849 1607 939 1672 Adde
955 1623 1117 1693 praeterea
1137 1630 1217 1693 quae
1236 1608 1275 1671 de
1292 1630 1350 1671 neu

330 1732 363 1782 et
386 1721 617 1784 conemactiona
642 1721 868 1786 vocabulorum
896 1723 1097 1807 quarumdam
1123 1721 1206 1805 apud
1228 1720 1352 1805 Lygda-

331 1854 418 1896 mum
441 1833 661 1897 Lacbmannuc
684 1837 808 1899 monuit
832 1839 866 1898 in
894 1839 1098 1901 annotatione
1129 1837 1306 1919 praeclara,
1334 1858 1352 1898 a

330 1950 423 2012 nobis
452 1949 585 2029 repetita
609 1948 643 2010 in
673 1950 780 2014 iconie
808 1952 882 2015 libri
912 1953 1007 2017 tertii.
1055 1955 1159 2035 Atque
1182 1953 1258 2012 llaec
1281 1950 1352 2032 qui·

330 2062 403 2125 dcm
436 2061 475 2125 dc
507 2064 568 2126 hia.
629 2066 793 2130 Postremo
829 2067 1046 2128 collocationes
1077 2065 1247 2127 verborum
1277 2060 1350 2125 vide

331 2176 486 2238 notabiles
501 2174 586 2260 apud
602 2179 779 2255 Tibullum,
801 2190 938 2250 ceterum
954 2196 1018 2238 uon
1032 2175 1249 2258 infeuqucntea
1264 2170 1348 2254 apud

331 2290 515 2371 scripturas,
542 2292 568 2370 1,
591 2298 620 2368 9,
641 2297 694 2352 25.
722 2291 764 2367 ll,
786 2295 816 2366 3,
840 2290 889 2350 14.
939 2289 1031 2350 Talea
1054 2285 1242 2347 curretiam
1265 2285 1351 2368 apud

331 2403 527 2488 Lygdamum
548 2407 603 2480 lll,
624 2406 654 2481 4,
673 2406 725 2465 4⁹.
755 2408 785 2480 6,
804 2408 835 2464 3.
857 2415 888 2464 et
907 2403 942 2464 in
963 2403 1024 2465 hoc
1046 2409 1076 2481 6,
1092 2407 1146 2464 25.
1167 2403 1283 2486 ullaque,
1310 2408 1350 2464 u·-

333 2540 393 2602 qua
419 2532 477 2596 cat,
507 2519 585 2602 Quid
610 2518 703 2579 rabat
729 2518 801 2578 laert
824 2520 924 2577 radiat
951 2521 998 2577 ira
1023 2517 1085 2592 dcl,
1123 2535 1216 2597 quam
1245 2517 1350 2577 locum

333 2631 462 2711 omnino
492 2632 591 2694 affero
621 2643 752 2712 propter
782 2629 1002 2692 obscuritatem
1036 2647 1100 2690 non
1130 2627 1351 2706 Tibulliauam,

331 2756 369 2806 ut
387 2746 479 2807 etiam
498 2743 641 2825 ambigua
658 2741 741 2805 dicta
757 2744 854 2805 multa
870 2743 974 2805 habet.
1016 2741 1138 2804 Verum
1153 2741 1231 2804 baec
1247 2743 1351 2803 hacte-

332 2877 412 2937 nu03
440 2855 591 2937 perducta
613 2875 663 2917 reu
685 2876 724 2917 co
747 2866 810 2931 eet,
844 2866 879 2915 ut
903 2875 988 2916 nunc
1009 2855 1113 2935 potita
1131 2855 1166 2917 in
1188 2875 1253 2917 uno
1274 2874 1350 2916 con·

331 2982 441 3051 apertu
462 2969 577 3031 habeat
599 2969 712 3047 laetor,
739 2986 821 3049 quaa
841 2967 893 3029 hic
914 2967 1022 3030 afferri
1042 2965 1209 3031 debebant.
1252 2966 1358 3053 Videa-

331 3084 425 3144 ctiam
454 3080 539 3163 apud
566 3082 730 3144 Tibullum
757 3079 893 3144 rariores
924 3078 1074 3164 quaedam
1103 3079 1350 3144 constructiones

332 3216 416 3275 ecre,
446 3207 482 3257 ut
502 3194 593 3257 facilc
613 3194 648 3256 fit
667 3191 753 3275 apud
773 3212 845 3271 eoa,
874 3194 929 3278 qui
949 3196 1110 3275 ingenium
1131 3196 1265 3272 habent;
1295 3191 1351 3257 cell

215 3298 219 3307 ’
331 3308 412 3369 nihil
430 3321 476 3371 eet
493 3308 608 3369 harum
625 3326 732 3368 rerum
750 3304 898 3369 audacius
916 3317 948 3368 ct
964 3307 1046 3370 iusto
1067 3306 1190 3387 longius
1207 3306 1350 3389 petitum,

331 3433 387 3482 aut
413 3422 583 3483 obscurum
609 3433 640 3483 ct
663 3432 857 3498 contortum,
888 3420 968 3481 nihil
989 3419 1074 3505 quod
1096 3442 1206 3485 revera
1227 3417 1350 3482 recedat

331 3533 372 3594 ab
391 3532 445 3593 illa
465 3545 546 3594 tarsa
567 3533 715 3614 puritate,
738 3532 932 3614 simplicitate
952 3546 983 3597 et
1002 3532 1233 3616 perspicuitate,
1254 3550 1349 3613 quam

330 3665 456 3726 semper
485 3642 655 3709 laudarunt
682 3647 713 3708 in
741 3645 887 3725 Tibull03
922 3646 999 3709 nitet
1025 3644 1144 3727 ubique
1172 3642 1351 3705 inaffectata

330 3757 499 3839 elegantia,
529 3771 558 3820 et
584 3757 780 3837 agnoscimur
807 3771 964 3822 narratum
990 3755 1154 3835 artificem,
1180 3754 1243 3840 -qui
1267 3775 1350 3838 quac

325 3874 425 3936 ,centia
449 3893 561 3953 magna
582 3890 653 3933 cum
674 3870 822 3934 facilitate
843 3873 1002 3955 eloquitur
1022 3884 1123 3950 ncta,
1154 3873 1254 3948 clare,
1279 3870 1351 3952 pul-

330 3987 422 4061 chre,
453 3998 484 4046 ct
514 4004 587 4045 rere
617 3983 762 4045 classicus
790 3982 852 4050 dici
878 3999 1025 4051 meretur.
1070 3981 1159 4061 Quae
1186 3981 1255 4045 laus
1284 4001 1351 4044 non

330 4109 433 4178 potest
461 4096 556 4159 tribui
577 4094 748 4176 Lygdamo.
