3009 4725
324 307 385 364 358
556 311 841 388 COMMENTAR.
865 326 910 393 IN
936 334 1109 406 TIBULLI

324 473 441 532 Primum
460 478 595 538 dicebatur
611 484 697 542 inesse
714 490 757 554 in,
784 504 814 551 ut
835 500 905 570 spud
929 507 1049 577 antiques
1067 521 1158 582 poetes
1175 522 1203 569 et
1220 517 1341 574 cresse·

324 590 400 641 usn,
428 577 522 632 deiude
538 580 639 639 dativus
657 595 777 660 usurpari
794 605 903 667 coeptus
920 600 1006 660 inesse
1023 607 1124 670 alicui,
1147 617 1176 665 ut
1193 612 1253 668 Tib.
1272 617 1295 682 1,
1313 624 1339 684 6,

323 676 366 728 64.
402 677 457 731 Sed
474 677 600 738 hocloco
617 694 851 754 estmemersbitis
869 709 1001 762 structura
1021 720 1128 778 pectore
1144 711 1227 765 inesse
1253 734 1292 783 pr.
1311 721 1337 772 in

322 780 430 842 pectore
448 793 520 846 esse,
547 798 623 849 quum
648 803 707 844 euru
727 791 873 853 Huscsrruo
896 818 979 872 nuper
1001 806 1188 863 Ereusrsnrus
1210 810 1337 869 defendit.

318 875 408 942 'Atque
426 875 468 931 irie
485 893 619 951 conparat
635 888 744 947 Pusurr
765 890 934 975 fragmentum
952 921 993 971 sp.
1010 906 1116 957 Festum
1136 923 1159 960 v.
1170 906 1259 974 fiber:
1287 911 1335 961 Sic

321 987 361 1021 ms
385 971 463 1027 suites
487 979 608 1048 quotidie
630 990 712 1056 quasi
728 991 804 1059 fiber
825 997 938 1053 salicem.
973 1001 1022 1054 ltis
1045 1002 1134 1057 iaudat
1150 1005 1281 1060 Cortum!
1297 1009 1331 1061 ud

320 1073 437 1128 Sallustii
461 1078 538 1134 citit.
556 1081 591 1149 ll,
615 1090 647 1139 9:
677 1087 770 1160 aliquo
796 1097 902 1165 negotio
930 1098 1064 1161 wantos,
1090 1103 1274 1160 Buuuttrturt
1300 1108 1335 1161 ud

318 1172 427 1228 Sueten.
448 1177 523 1232 Cses
543 1185 593 1235 66:
619 1186 802 1240 vetustissima
819 1210 888 1246 nave
905 1197 1059 1268 inquesitas,
1086 1210 1114 1257 et
1137 1203 1336 1259 Runnrrrsnrusr

318 1272 351 1324 ud
370 1273 477 1328 Terent·
500 1278 603 1332 Phorm.
621 1280 642 1346 l,
660 1284 687 1348 4,
709 1287 744 1338 22
774 1288 823 1338 Ita
847 1307 919 1342 nune
942 1293 1109 1362 imparatum
1134 1300 1223 1353 subito
1250 1313 1336 1357 tanta

317 1388 357 1422 ms
375 1371 525 1443 impendent
543 1375 624 1432 mata.
642 1405 679 1421 -
708 1382 742 1436 V.
760 1387 796 1437 86
816 1402 872 1453 sqq.
909 1391 1034 1457 Sequitur
1050 1411 1147 1463 magus
1165 1400 1243 1467 eopia
1261 1417 1335 1455 cenr-

316 1472 477 1537 putationum
496 1480 522 1528 et
540 1475 698 1544 imaginum,
722 1498 789 1548 quus
806 1499 882 1538 nemo
903 1502 955 1541 nen
975 1490 1047 1544 videt
1063 1494 1224 1565 ineptissirne
1242 1516 1332 1555 eumu-

316 1567 390 1625 istss.
408 1600 440 1612 -
459 1572 486 1625 N
492 1589 540 1626 sm
560 1580 593 1627 te
612 1591 673 1630 uee
691 1582 779 1632 rusti
800 1588 850 1635 ete.
885 1584 988 1641 Primus
1005 1596 1047 1642 est
1063 1591 1201 1648 Honnnus
1214 1597 1245 1652 li.
1259 1600 1332 1669 XVI,

312 1670 358 1722 ur.
381 1667 429 1723 iuc
448 1671 579 1727 locutione
604 1693 666 1731 usus
683 1678 717 1732 sd
736 1682 867 1737 crudelem
891 1687 1002 1742 animun
1021 1688 1216 1760 designandum.
1253 1702 1329 1770 Apud

312 1764 443 1822 Tisnttun
463 1771 575 1827 vidimus
598 1790 652 1829 rens
676 1777 698 1843 Ι,
715 1782 742 1844 2,
761 1783 806 1836 42.
841 1782 916 1837 Adde
934 1786 1059 1844 cinnes.
1077 1792 1149 1860 LXI,
1170 1800 1232 1852 166.
1250 1799 1329 1854 ulios·

311 1880 363 1932 que
384 1871 479 1922 multos
504 1873 577 1928 iocus
601 1877 671 1945 spud
693 1879 930 1953 nassamones,
962 1890 1057 1955 quibus
1085 1895 1165 1948 etism
1193 1901 1328 1966 sequentis

310 1964 479 2024 illustrantur.
515 1972 565 2027 Est
582 1983 669 2032 sutem
686 1983 793 2049 ussti,
812 1984 917 2054 deserti,
936 2004 951 2039 u
970 1991 1042 2043 cuitu
1059 1991 1170 2048 numano
1187 1999 1273 2054 siieni.
1289 2027 1327 2041 -

310 2064 476 2122 stammam
495 2075 650 2144 volvens,
668 2095 799 2151 evomens,
819 2086 901 2140 Vsne.
920 2089 1020 2157 Georg.
1038 2090 1060 2157 1,
1078 2097 1140 2148 472.
1153 2124 1190 2137 -
1207 2101 1324 2165 sngui-

309 2180 370 2218 nes
388 2168 573 2225 redimitus
593 2182 692 2245 terge
710 2186 864 2250 caterve,
890 2187 963 2238 cuius
981 2190 1077 2243 cottum
1096 2200 1124 2246 et
1142 2199 1243 2263 tergum
1260 2213 1324 2251 cen-

309 2272 363 2320 turn
381 2273 544 2340 serpentibus
566 2276 686 2329 cinctum.
722 2280 818 2333 Forma
843 2285 994 2355 anguineae
1020 2291 1170 2349 defenditur
1193 2299 1324 2356 svenne

309 2375 336 2420 et
354 2367 507 2423 Huscnrro.
521 2399 557 2409 —
575 2374 771 2443 Scyllaque.
807 2379 891 2447 Virgo
910 2400 1020 2454 corpore
1039 2392 1064 2445 in
1083 2394 1192 2450 eeudsm
1210 2399 1322 2452 nrsrinse

307 2464 409 2520 belluae
431 2476 559 2537 exeunte,
576 2474 682 2539 inguine
700 2479 831 2532 succincte
850 2480 948 2538 habens
966 2489 1074 2545 cunibus
1093 2494 1261 2565 latrantibus,
1287 2500 1322 2554 ct

307 2565 403 2623 cresus.
423 2568 524 2623 verrin.
549 2574 582 2639 i',
605 2579 649 2629 56.
679 2577 805 2634 Lucsnr.
823 2584 856 2651 V,
875 2589 938 2641 893.
967 2589 1049 2645 Orrn.
1074 2592 1140 2647 Met.
1163 2595 1238 2663 ΧΙΙΙ,
1260 2603 1322 2653 131.

305 2667 419 2724 Vrscrr..
437 2669 531 2739 Eeiog.
550 2674 596 2740 Vt,
619 2680 679 2743 tu,
698 2697 765 2747 quse
784 2685 871 2737 sttuiit
889 2687 1113 2746 Bnoucsunsrus.
1148 2698 1225 2750 Adde
1243 2701 1319 2755 Voss

303 2763 337 2817 ud
356 2766 429 2834 Virg.
448 2769 466 2822 Ι.
485 2770 529 2824 cit.
549 2779 576 2824 et
593 2774 619 2825 in
636 2773 723 2842 Epist.
743 2779 854 2846 Myttrol.
872 2785 894 2850 Ι,
913 2789 955 2838 63.
976 2814 1010 2827 -
1039 2792 1136 2860 tuiit,
1160 2797 1217 2849 scii.
1236 2807 1321 2868 utero,

303 2862 337 2914 ci.
365 2864 470 2918 lusum.
496 2866 557 2932 xli,
577 2874 618 2924 16.
651 2874 736 2929 iocum
764 2895 780 2929 s
807 2879 881 2933 nubis
908 2900 986 2954 suprs
1013 2888 1143 2946 iuudutunr
1168 2895 1203 2947 sd
1230 2913 1254 2949 v·
1272 2903 1318 2954 26.

302 2959 363 3015 Non
388 2969 429 3016 est
452 2964 532 3031 igitur
555 2983 622 3036 opus
646 2977 677 3023 ut
701 2973 769 3024 tulit
789 2995 814 3045 p.
835 2983 958 3050 protulit,
987 2986 1069 3041 edidit
1093 2993 1261 3061 explicemus.
1283 3025 1318 3038 -·

302 3059 518 3120 horrendaue
543 3067 670 3134 Syrtis.
713 3070 800 3129 Etiam
824 3077 875 3133 hue
899 3083 1019 3147 regiones
1044 3090 1147 3157 saepius
1171 3093 1198 3145 iu
1223 3095 1318 3150 tutibus

301 3167 491 3228 memorantur,
519 3164 552 3217 ei.
577 3165 701 3223 Curuus..
719 3170 792 3239 LXI,
818 3179 879 3231 156.
908 3179 989 3236 Orus.
1014 3184 1081 3239 Met.
1106 3189 1177 3256 vlit,
1201 3196 1261 3246 120.
1279 3222 1317 3235 -

300 3256 397 3311 duris
416 3276 478 3316 nou
496 3263 696 3336 habitanda,
714 3273 760 3324 ubi
777 3275 851 3329 iocus
868 3293 920 3331 non
938 3288 978 3335 est
996 3284 1075 3339 dutris.
1094 3314 1129 3331 -
1155 3290 1187 3344 V.
1204 3295 1239 3345 9³
1258 3310 1315 3364 sqq.

300 3355 371 3409 Mais
390 3358 512 3416 Brcrrrus
530 3381 589 3418 curn
610 3368 707 3423 Vossro
725 3369 780 3421 Sed
796 3376 896 3444 recepit
914 3394 929 3430 e
947 3380 1102 3448 quibusdum
1119 3386 1248 3444 interioris
1265 3407 1313 3459 ge·

298 3453 367 3505 neris
386 3455 456 3509 libris
478 3476 517 3527 pr.
541 3462 591 3517 Et.
628 3466 686 3522 Nee
703 3474 825 3525 convenit
847 3472 976 3543 Lygdsmi
994 3482 1105 3537 orationi
1123 3484 1188 3541 huec
1206 3505 1311 3545 nervose

297 3554 428 3620 repetitio.
447 3583 483 3596 -
507 3559 608 3628 longe
631 3573 709 3620 aute
734 3571 822 3625 siies
846 3590 963 3632 omnes
988 3583 1174 3640 mitissime
1196 3596 1311 3645 muter.

296 3651 388 3723 Inepte
407 3656 536 3711 cumulate
554 3657 618 3715 haee
637 3680 695 3720 esse
712 3670 860 3729 observarit
876 3685 937 3731 sute
955 3696 1002 3734 nos
1020 3681 1225 3755 Erunsrsnru13
1252 3705 1311 3743 nunt

294 3753 440 3809 sufficiebat
464 3772 558 3827 unum,
586 3765 666 3819 vetuti
691 3769 804 3827 Vruerr..
822 3774 927 3842 Aen.1‚
948 3781 1020 3833 3472
1045 3785 1192 3853 Pygmsiio
1215 3787 1311 3840 sceiere

292 3863 357 3905 ante
375 3854 444 3909 alios
461 3858 601 3916 immutor
618 3883 714 3927 omnes,
732 3875 760 3922 et
777 3871 843 3926 inire
859 3873 908 3941 lv,
929 3881 1041 3945 1³,162
1070 3883 1148 3953 Quas
1165 3884 1225 3938 sola
1244 3895 1311 3939 ante

292 3951 362 4006 aiios
377 3964 420 4009 est
437 3956 504 4010 mitt
521 3977 621 4032 magua
639 3964 709 4023 deos.
745 3969 870 4027 Ceterum
893 3983 959 4025 ants
984 3976 1056 4032 alias
1078 4001 1168 4039 omnes
1191 3985 1311 4055 intellige

289 4056 395 4108 matres.
439 4056 515 4127 Apud
533 4059 631 4117 Tibuli.
648 4064 685 4135 ΙΙ,
701 4069 728 4135 t,
745 4071 798 4125 242
829 4068 886 4123 Sed
904 4073 997 4130 Venus
1020 4088 1085 4135 unte
1101 4081 1171 4139 aiios
1188 4092 1232 4137 est
1248 4083 1310 4140 uie·
