3009 4725
572 429 757 494 TlBULLl.
1094 463 1174 506 cxcv

143 610 287 694 Uterque
309 608 401 669 locus
424 603 653 687 oppositionem
678 606 831 687 continct3
858 605 1003 672 Tibullus
1025 611 1175 678 abuentes

142 724 316 806 alloquitur
338 718 485 795 comites,
514 719 581 799 ipse
600 737 692 797 aeger
711 719 745 779 in
763 717 901 804 Corcyra
923 734 1062 786 retentus
1078 730 1173 801 solus,

141 834 321 919 Lygdamus
344 831 507 914 profectos
522 828 562 891 nd
578 829 676 892 undas
691 832 833 894 salubres
853 836 986 912 amicos,
1008 836 1083 899 dum
1104 839 1171 922 ipse

32 965 35 971 ·
145 947 231 1012 domi
255 947 337 1009 lsbri
357 944 446 1026 gravi
475 955 640 1025 correptus
662 944 752 1006 iacet.
800 946 846 1006 Ac
875 948 1003 1009 minime
1026 951 1171 1034 sintpero

147 1061 396 1143 oppositionem,
417 1079 512 1142 qnam
526 1055 707 1140 Lygdamus
727 1060 835 1140 posuit
854 1063 1027 1142 poeticam,
1049 1078 1080 1127 at
1100 1066 1172 1131 vids

148 1177 228 1237 milri
253 1177 398 1237 affectum
419 1169 553 1234 Tibulliz
584 1172 734 1234 Abstineas
762 1175 863 1235 acidus
885 1175 968 1238 Mors
983 1201 1087 1263 precor
1103 1195 1173 1246 atra

146 1310 263 1365 manns,
289 1289 437 1348 Abenses
456 1289 541 1348 Mors
567 1295 637 1346 etro
654 1307 771 1367 precor,
801 1300 832 1349 et
853 1307 1000 1371 compare
1017 1291 1173 1376 Lygdami

144 1421 290 1463 versum:
318 1402 461 1462 Immerito
481 1404 572 1461 iusseri
587 1421 679 1481 perce
695 1421 808 1478 nocere,
835 1403 902 1466 den.
954 1402 1103 1470 Similiter
1123 1430 1172 1473 se·

144 1516 274 1597 quentin
294 1515 394 1576 verba
407 1514 573 1595 utriusque
595 1512 740 1576 carminis
764 1513 791 1575 si
811 1517 1059 1598 perlustraveris,
1082 1522 1171 1585 ride·

145 1630 194 1690 bis
216 1625 300 1709 opud
322 1626 487 1688 Trbullum
508 1626 590 1702 vim,
612 1625 769 1704 vigorem,
799 1623 936 1692 fluminis
957 1632 1055 1696 instar
1073 1655 1171 1700 ruen-

145 1753 210 1802 tem
250 1741 415 1817 affectum,
465 1711 536 1801 edm
575 1731 729 1820 Lygdsmi
767 1742 865 1804 rerba
907 1746 1006 1808 multo
1046 1748 1168 1816 leniora

147 1855 212 1916 sint
236 1865 267 1914 ct
290 1872 448 1934 nusquam
465 1852 579 1915 fortius
600 1852 773 1932 insurgant.
792 1886 837 1899 ·-
877 1854 1040 1922 Postremo
1070 1863 1169 1928 affero

149 1963 237 2028 aliud
259 1985 318 2046 par
337 1966 497 2039 locorum,
528 1963 582 2025 ubi
606 1965 688 2026 laete
709 1983 760 2026 res
779 1977 941 2031 tractatur.
990 1969 1170 2050 Lygdamus

147 2077 187 2140 dc
208 2089 332 2161 sperata
352 2075 604 2140 reconciliatione
624 2078 760 2160 loquens
781 2076 856 2139 dicit
874 2077 929 2156 Ill,
951 2085 985 2158 3,
998 2087 1058 2143 25:

231 2187 260 2255 0
283 2191 425 2267 niveam,
449 2210 529 2273 quae
549 2202 582 2252 tc
603 2192 720 2271 poterit
739 2192 817 2284 milri
838 2190 985 2267 reddere,
1008 2193 1127 2296 lucgm!

272 2299 401 2369 Omihi
424 2304 545 2367 felicem
567 2315 678 2387 terque
703 2317 877 2388 quaterque
900 2303 1002 2369 diem!

149 2419 290 2480 Tibullus
317 2417 456 2480 reditum
485 2415 524 2479 ad
551 2417 677 2480 Deliam
699 2440 716 2480 e
736 2418 875 2503 Corcyra
906 2422 1045 2500 felicem,
1076 2443 1168 2507 quem

152 2543 270 2608 sperat,
293 2529 470 2593 describens
491 2526 737 2610 magnificentius
760 2531 820 2595 ite:
849 2534 881 2609 Ι,
902 2540 939 2610 3,
958 2532 1012 2596 fin.

236 2644 304 2704 Hoc
324 2664 453 2723 precor,
481 2646 565 2705 bunc
588 2645 676 2705 illum
697 2645 790 2704 nobis
811 2647 935 2706 Aurora
956 2646 1106 2708 nitentem

276 2755 456 2818 Luciferum
475 2756 575 2818 meeis
600 2754 731 2819 candida
748 2767 854 2837 portet
875 2759 974 2837 equis.

147 2870 234 2932 Haec
256 2870 417 2933 hactenus.
456 2870 510 2931 Est
534 2871 629 2950 igitur
649 2867 829 2951 Lygdamus
858 2869 950 2948 longe
978 2868 1112 2929 interior
1137 2873 1171 2933 vi

146 2984 294 3062 Tibullo,
340 2982 425 3067 quod
462 3002 531 3046 cum
564 2983 654 3061 dico,
693 3002 759 3045 non
791 2984 939 3045 continuo
976 2982 1103 3063 postulo
1134 2994 1171 3040 ut

147 3118 254 3159 omnes
268 3111 381 3179 poetae
402 3097 552 3176 insignem
565 3096 686 3159 Tibulli
701 3096 765 3163 vim
783 3096 928 3170 habeant,
946 3092 1002 3156 sed
1018 3090 1096 3155 illud
1112 3111 1170 3173 ago

147 3223 182 3271 ut
206 3210 415 3273 differentiam
439 3212 602 3292 explicem.
646 3206 844 3292 Quamquam
868 3206 951 3289 apud
974 3206 1170 3291 Lygdamum

147 3321 275 3404 quidem
300 3325 392 3387 nimis
416 3343 490 3386 raro
515 3323 679 3386 nervosius
704 3319 780 3404 quid
808 3321 963 3402 reperias,
992 3321 1094 3403 qualis
1119 3320 1170 3383 tue

22 3508 24 3511 ¹
147 3446 192 3495 est
216 3433 272 3511 Ill,
289 3441 319 3511 6,
335 3442 387 3498 56.
408 3456 537 3499 versus:
566 3436 703 3518 Perfida,
727 3435 779 3497 sed
800 3439 926 3516 quaereris
945 3433 1076 3516 perfide,
1097 3454 1172 3496 care

146 3560 249 3610 tamer.
262 3583 307 3596 -
349 3548 446 3612 Aliud
469 3546 636 3613 discrimen
659 3565 759 3630 aeque
784 3566 930 3626 magnum
956 3550 1038 3610 inter
1059 3548 1172 3611 Tibul-

145 3661 211 3721 lum
237 3675 269 3723 et
290 3660 489 3745 Lygdamum
514 3667 575 3727 hoc
600 3670 661 3738 est,
696 3659 782 3745 quod
807 3682 877 3723 cunr
902 3663 955 3722 ille
979 3661 1172 3739 emendatae,

146 3786 245 3836 tersas
268 3778 461 3838 elocutionis
477 3790 543 3839 arte
564 3779 693 3838 excellat
714 3789 744 3837 et
768 3787 914 3837 accurato
934 3772 1066 3853 iudicio,
1087 3776 1170 3856 Lyg-

147 3883 237 3949 damo
267 3908 367 3969 parva
393 3891 440 3950 ris
470 3889 576 3965 iudicii
599 3891 658 3953 fuit
685 3903 715 3951 et
741 3888 877 3949 infantis
901 3886 1026 3950 dicendi
1049 3909 1102 3961 ea,
1136 3902 1183 3949 ut·

146 4003 301 4079 permulta
323 4003 445 4082 inepta,
465 4002 589 4083 putida,
609 4002 690 4065 male
712 4001 794 4064 dicta
815 4002 946 4077 hebent,
969 4018 1043 4061 raro
1065 4013 1170 4063 mrtem

146 4125 287 4174 carentes
314 4114 394 4175 vitio
426 4116 521 4177 locos·
545 4116 704 4196 scripserit
736 4128 767 4177 et
799 4116 854 4195 qui
884 4110 1008 4174 laudari
1037 4113 1169 4193 possint.

864 4229 887 4286 lt
