3009 4725
410 278 522 343 LIBR.
543 280 599 343 lv.
645 278 774 345 cinni.
795 282 853 346 IX.
896 282 938 345 X.
1118 283 1180 347 455

236 453 269 507 V.
289 456 303 504 1
324 466 380 519 sqq.
404 453 475 505 iter
490 466 530 504 ex
548 451 660 504 animo
684 451 859 506 sublatam
878 453 1033 521 poeitae,
1053 454 1119 519 scia,
1135 455 1182 518 ait,

164 565 267 615 curam,
292 550 438 616 tristitiam,
462 556 560 603 metum
579 550 658 603 istum
675 549 709 604 de
726 551 819 605 itinere
836 551 1000 622 suscipiendo
1018 553 1147 607 subtatum
1165 570 1181 607 e

164 651 266 720 punitae
291 650 398 704 animo?
433 651 561 704 Similiter
586 652 651 705 aias
677 652 773 722 passim
800 667 843 705 res
872 653 976 721 ponitur
1003 660 1049 705 ant
1072 668 1182 723 persona

164 765 212 818 pro
236 752 365 818 imagine,
395 750 554 817 cogitatione
578 752 642 806 eins.
678 754 724 806 Sic
741 752 856 807 Vrnsrr..
875 754 940 807 Aen.
958 752 980 818 l,
997 755 1059 805 tta.
1078 749 1182 803 abolere

161 851 314 921 Sychaeum
340 867 378 920 pr.
406 852 462 904 eins
486 852 643 907 desidorium
669 858 697 906 et
722 853 884 909 memoriam.
912 856 971 908 Str..
995 854 1071 906 irin.
1089 852 1111 917 1,
1130 856 1179 906 tl:

163 950 268 1003 abolere
285 954 421 1022 Aegates,
446 969 471 1006 v.
489 956 551 1005 346.
573 952 636 1005 ibid.
655 952 775 1004 massus
792 952 915 1006 medullis
934 951 1089 1011 Hannibal,
1113 952 1139 1008 h.
1157 969 1180 1006 e.

161 1051 241 1103 verba
259 1050 421 1105 Hannibaiis.
440 1079 477 1093 -
503 1052 569 1106 Mox
593 1051 734 1120 legendnm
753 1056 908 1108 continno
926 1055 1035 1122 niiisqne
1052 1070 1115 1109 sno
1132 1062 1181 1123 est,

162 1146 186 1200 h.
201 1164 226 1200 e.
244 1149 296 1202 ianr
313 1149 376 1202 iicet
393 1150 496 1218 pneiiae
512 1149 615 1202 Romae
633 1164 691 1203 esse
710 1150 790 1203 annii
808 1165 866 1204 sno.
901 1152 970 1206 Nam
988 1156 1042 1207 sive
1060 1169 1076 1206 n
1095 1154 1183 1223 puelia

161 1250 257 1318 scripta
274 1254 315 1302 est
334 1251 459 1317 epistola,
478 1255 508 1301 nt
526 1249 672 1302 Huscnsro
689 1252 718 1300 et
734 1251 891 1305 Gonannro
907 1252 976 1306 maie
994 1252 1109 1317 ridetur,
1128 1252 1183 1305 sire

161 1350 195 1402 ab
213 1352 296 1403 amico
314 1346 445 1412 cerinthi,
472 1352 502 1399 nt
521 1363 633 1414 sequens
653 1347 781 1401 distichon
801 1351 911 1419 probat,
936 1360 985 1404 tuo
1003 1353 1064 1406 ferri
1082 1353 1181 1420 nequit,

163 1450 224 1517 qnia
245 1448 278 1502 dc
295 1448 442 1517 Snipiciae,
461 1462 513 1500 non
531 1448 565 1501 da
584 1446 702 1501 Corinthi
721 1449 800 1501 nataii
817 1465 963 1504 sermonem
980 1467 1038 1505 esse
1056 1454 1089 1506 nd
1107 1462 1182 1511 ante-

162 1546 258 1601 cedens
274 1562 378 1600 camera
396 1545 560 1599 victiman-
578 1545 741 1599 Omnibus
759 1546 823 1599 ille
843 1545 919 1600 dies
938 1551 989 1600 etc.
1026 1548 1103 1601 Ciara
1121 1558 1182 1604 snat

160 1648 255 1714 omnia,
272 1650 294 1701 si
311 1648 410 1700 amicos
428 1645 545 1701 Corinthi
562 1648 686 1714 ioqnitnr,
710 1647 808 1714 inepta,
825 1646 848 1698 si
866 1645 991 1715 Sulpicia.
1027 1645 1181 1699 Celebrabi·

161 1759 234 1812 nana,
251 1745 289 1798 ait
306 1747 367 1812 iiie,
385 1760 476 1799 oannes
498 1745 574 1797 amici
594 1746 632 1796 ini
650 1744 748 1796 laetum
771 1741 855 1809 diem,
881 1744 925 1810 qai
943 1743 990 1796 tibi
1010 1749 1113 1812 praeter
1131 1759 1180 1798 er-

163 1847 350 1914 spectationem
369 1861 437 1899 nnnc
455 1845 533 1898 venit.
570 1848 610 1899 Ac
629 1840 769 1898 cerinthus
788 1842 858 1912 apnd
874 1842 1018 1911 Sulpiciana
1034 1849 1092 1895 erat
1108 1842 1181 1897 intu-

160 1957 221 2010 rnr,
245 1944 321 1997 amici
345 1946 397 1998 aiio
421 1944 456 1997 ad
476 1942 620 1997 convirinnr
645 1940 846 2006 conveniebant,
869 1941 919 1994 nisi
937 1941 1006 2009 apnd
1023 1956 1053 1994 se
1070 1941 1181 2009 quiaque

160 2042 231 2096 dorni
257 2042 412 2096 observabat
439 2040 507 2096 hunc
533 2042 610 2096 diem.
647 2040 722 2094 Haec
746 2041 827 2108 igitur
853 2042 930 2094 clera.
975 2040 1093 2094 Absurde
1119 2055 1181 2094 vero

160 2141 230 2196 dicat
254 2140 295 2195 hic
319 2143 451 2212 Sulpiciae
482 2140 678 2193 celebrabimus
696 2154 787 2193 omncs
805 2140 916 2192 natalem
941 2154 1042 2204 menni,
1070 2139 1114 2205 qni
1133 2137 1182 2190 tibi

160 2242 256 2292 amanti
280 2257 330 2293 nec
347 2242 463 2308 opinanti
479 2241 558 2295 venit.
594 2240 666 2293 Maie
685 2241 780 2292 etiams
809 2237 1005 2291 Celebrabimns
1025 2252 1115 2291 omnes
1133 2252 1180 2290 na-

163 2338 240 2389 talem
260 2342 333 2389 tnnrn
351 2336 389 2402 (si
408 2346 456 2387 ruo
474 2352 498 2389 v.
518 2336 635 2389 anteced.
653 2337 802 2405 defendas),
822 2338 933 2406 qni‘tibi
953 2354 1021 2393 nnnc
1038 2339 1181 2409 inopinanti

162 2436 241 2489 venit.
253 2464 291 2476 -
306 2440 446 2501 agatur,
464 2434 619 2498 celebretur,
637 2433 747 2487 iiosar.
765 2436 813 2500 lv,
831 2440 874 2500 ti,
895 2441 942 2489 142
961 2438 1023 2490 idas
1042 2436 1093 2489 tibi
1113 2446 1179 2490 aunt

162 2533 292 2606 agendae.
334 2533 449 2586 Vossrns
475 2530 586 2598 deniqne
610 2530 727 2602 genialia
751 2532 864 2599 recepit,
893 2533 963 2598 qnod
981 2536 1023 2586 vsi
1041 2544 1181 2607 propterca

162 2634 225 2688 t'erri
243 2649 296 2687 non
315 2648 392 2702 posse
409 2632 491 2698 dicas,
509 2632 569 2699 qnia
586 2646 638 2684 non
658 2631 761 2694 Genio,
778 2629 825 2682 sed
843 2629 936 2682 lunoni
953 2646 1029 2683 sacer
1046 2640 1102 2685 erat
1118 2636 1181 2687 sni-

163 2735 247 2804 piciac
267 2734 366 2788 natalis.
385 2759 420 2772 -
449 2747 511 2785 nec
536 2732 694 2802 opinanti
719 2736 746 2783 ei
771 2729 881 2794 iorta,
908 2731 1038 2782 cumulate
1063 2745 1121 2785 cnrn
1145 2736 1178 2787 ri.

161 2834 264 2898 Recte3
280 2848 340 2886 nana
358 2848 391 2886 co
409 2830 544 2885 iucundior
561 2845 622 2893 res,
639 2842 692 2895 qno
710 2828 794 2881 minna
813 2828 1020 2895 exspectabatur.

501 3100 847 3128 *-

428 3358 789 3483 Cinnani
867 3360 908 3429 Χ,

576 3604 784 3620 m

163 3778 359 3869 Insident
386 3817 472 3869 torte
501 3816 656 3903 ustiuhi,
685 3814 772 3874 unda
798 3807 966 3879 Sulpicia
993 3803 1188 3873 suspicare·

164 3918 218 3968 tnr
242 3911 444 3967 cariatham
469 3915 536 3969 aiis
565 3940 691 4012 puell,
720 3909 868 3981 vulgari
895 3916 1044 3985 captum.
1086 3904 1195 4012 Quare

162 4027 285 4068 iiieiiioi'
309 4011 508 4067 nobilitatis
530 4037 618 4123 ⁸qu
643 4048 701 4132 hi,
729 4009 876 4082 {itteris
898 4012 1022 4094 cupit
1047 4013 1203 4064 tienge-
