3009 4725
297 360 358 414 120
534 354 814 420 COMMENTAR.
834 353 880 418 IN
901 354 1075 420 TlBULLl

296 524 357 576 trine
375 525 508 578 Cnrnsno
526 523 598 578 audit
624 523 738 595 Epitbal.
751 531 817 594 Ἀ,
841 525 910 581 unde
935 529 1012 586 euin
1038 533 1201 582 certaremut
1225 527 1258 581 de
1283 544 1315 580 es

297 624 415 694 luppiter
440 630 469 676 et
496 623 642 693 Neptunus.
659 649 696 668 ·-
723 624 888 679 iraenato
912 627 1025 694 pisce,
1052 621 1187 692 delphino,
1218 632 1247 676 nt
1271 641 1314 693 ap.

297 724 404 775 Vinus.
425 723 525 776 Fcucc.
543 724 565 788 l,
585 727 638 776 130
653 740 711 792 sqq.
748 726 809 782 Quo
836 726 915 778 etiam
937 726 994 776 eliis
1018 724 1177 791 temporibus
1205 722 1315 788 rebitur,

273 787 331 874 'cl
350 819 433 875 On».
451 820 516 874 Met.
534 819 583 888 Xl,
598 826 661 877 881.
696 822 779 876 Notat
795 823 1016 876 Bnoucauusros.
1054 822 1093 872 De
1117 837 1142 870 v.
1159 819 1314 888 fraenatur

215 989 218 996 ¹
298 918 503 973 Bnanunnraros
514 919 678 974 Cnnsnrus
695 920 797 974 confert
813 921 898 972 Snus.
918 916 1009 969 debili.
1028 918 1049 982 1,
1066 920 1136 968 221:
1154 917 1235 968 Elicit
1253 916 1314 967 inde

294 1015 381 1088 fretis
399 1028 428 1069 et
446 1019 544 1071 murice
562 1020 662 1090 frenat
681 1027 763 1070 acuto
787 1016 926 1086 deblaim
944 1014 1047 1086 biiuges
1065 1023 1115 1070 etc.
1152 1017 1263 1070 Omnino
1281 1016 1315 1069 de

300 1116 452 1170 animalibus
472 1117 591 1181 marinls,
613 1116 708 1183 quibus
733 1114 846 1167 insident
869 1114 905 1168 dii
931 1115 1039 1181 marini,
1066 1116 1133 1170 dixit
1156 1115 1267 1169 l'ossrus
1289 1117 1316 1168 in

301 1214 385 1285 Epist.
404 1213 513 1282 Mytbol.
532 1213 566 1266 Τ.
583 1213 618 1278 11,
636 1228 678 1280 ep.
697 1216 793 1265 all-28.
829 1211 929 1265 ibidem
948 1214 1107 1281 explicetunr
1126 1223 1166 1269 est
1184 1212 1316 1282 epitheton

300 1316 422 1367 usitatum
445 1314 624 1381 caerulus,
646 1312 718 1381 quod
743 1312 776 1366 de
799 1313 910 1366 vestium
927 1316 1017 1368 colore
1035 1318 1156 1369 caeruleo
1174 1320 1214 1368 est
1239 1314 1317 1367 intel-

299 1415 438 1484 ligendum.
475 1412 512 1467 Et
535 1412 578 1468 bic
604 1414 709 1482 quidem
734 1414 871 1468 manifesto
898 1414 933 1469 ad
957 1421 1077 1470 ornatum
1103 1416 1249 1485 appositum
1276 1421 1318 1467 cst

300 1515 489 1585 pulcherrimae
514 1515 588 1569 desc.
626 1514 719 1584 Neque
738 1516 806 1568 enim
824 1518 936 1570 otiosum
955 1516 1044 1570 baberi
1071 1518 1159 1573 debet
1195 1516 1318 1569 Ceterum

302 1617 373 1669 varie
395 1619 507 1672 tractata
530 1630 547 1667 a
571 1614 658 1684 poetis
681 1613 771 1667 sabula
793 1614 884 1668 debis
902 1616 1015 1683 nuptiis,
1041 1615 1075 1669 cl.
1099 1615 1194 1670 Ham.
1213 1613 1237 1668 b.
1256 1616 1274 1669 Ι.
1293 1620 1320 1668 et

301 1717 385 1771 Puro.
403 1715 479 1769 Nem.
497 1715 546 1782 lv,
562 1719 598 1769 62
615 1732 672 1784 sqq.
691 1723 719 1769 et
737 1713 827 1769 latium.
846 1716 906 1770 vll.
924 1742 962 1757 -

374 1816 409 1869 V.
432 1820 539 1870 di-dd.
584 1816 732 1871 Medium
760 1832 905 1872 carmen.
949 1818 1037 1871 Pare
1064 1817 1175 1869 altera
1201 1829 1319 1868 rerum.

302 1915 514 1972 Debortatur
542 1915 673 1972 Deliam
700 1916 859 1982 graviter
887 1931 904 1969 a
933 1914 1136 1984 praeceptis
1163 1913 1260 1966 lenae
1289 1917 1321 1963 et

305 2014 471 2083 pauperis
489 2014 655 2067 amatoris
673 2014 797 2068 oflicia
816 2014 940 2068 laudat.

375 2111 410 2170 V.
423 2115 459 2166 tr
471 2129 510 2179 sq.
530 2113 623 2166 llaec
642 2129 793 2167 nocuere
810 2111 907 2176 mihi,
924 2111 1014 2179 qnod
1028 2117 1078 2164 etc.
1114 2112 1182 2163 Sunt
1199 2110 1243 2176 qui
1262 2115 1322 2179 post

306 2211 372 2265 milri
394 2214 518 2268 melotem
541 2212 732 2266 distinctionem
759 2216 854 2280 ponant
877 2208 956 2261 etad
976 2206 1248 2264 antecedentiaeolou
1266 2212 1320 2258 tra·

305 2314 382 2380 bant,
409 2315 488 2368 veluti
507 2314 588 2367 Ourn.
611 2313 676 2367 lbet.
695 2311 743 2379 lX,
760 2314 822 2365 ⁶12
848 2309 1041 2365 enumeratione
1064 2323 1150 2360 rerum
1173 2307 1320 2360 nocentium

306 2414 379 2466 fruita
396 2413 468 2467 addit
485 2415 577 2469 cadem
595 2413 680 2467 verbe.
726 2413 781 2466 Sed
806 2413 916 2477 primum
942 2411 1010 2464 mala
1033 2407 1076 2463 hle
1094 2416 1136 2461 est
1159 2409 1218 2461 talis
1243 2423 1321 2476 repe·

307 2511 380 2575 titio,
397 2514 469 2579 quasi
487 2513 551 2566 illud
569 2512 681 2566 maxime
699 2511 788 2565 doleat
806 2517 832 2565 et
850 2511 946 2564 iterum
963 2511 1110 2577 iterumque
1127 2508 1258 2560 inculeare
1276 2521 1323 2558 vc·

307 2611 448 2691 litpqucd
471 2613 512 2667 vis
536 2615 651 2669 mascula
674 2628 734 2666 eum
751 2612 878 2666 destituat
899 2612 926 2665 in
944 2611 1001 2664 istis
1019 2607 1195 2679 amplexibns3
1221 2622 1279 2661 uam
1297 2607 1324 2660 in

307 2705 358 2761 boc
382 2724 451 2763 ncxn
476 2728 568 2764 nocere
593 2714 671 2766 aliter
696 2711 808 2778 intelligi
833 2726 884 2765 nou
913 2716 1012 2780 posset.
1047 2707 1149 2763 Deinde
1172 2721 1232 2760 eum
1256 2720 1324 2758 nnnc

307 2807 372 2887 lineo
395 2811 430 2862 sit
447 2812 579 2878 sequentis
596 2812 742 2863 sententiae
760 2811 844 2862 retice
871 2807 952 2879 Quod
973 2807 1050 2860 adest
1073 2804 1138 2859 huic
1157 2804 1233 2857 dives
1248 2820 1325 2854 erra-

306 2919 365 2967 tor‚
392 2909 468 2963 lenas
493 2908 571 2962 debeo
594 2909 624 2962 r'rr
646 2909 760 2961 exilium
778 2927 864 2960 rreum
882 2927 951 2981 quoe
970 2910 1046 2969 venir
1060 2918 1087 2960 et
1105 2907 1224 2976 eorrupit
1245 2904 1326 2976 puel-

307 3007 376 3066 lam,
400 3024 452 3075 qno
471 3008 574 3062 tanda·
592 3023 661 3062 nexu
679 3005 744 3061 baec
763 3023 821 3062 curn
840 3008 1053 3062 antecedentibus
1071 3005 1233 3075 iungunturi
1268 3005 1325 3058 Re-

307 3110 436 3178 spondeas
454 3125 502 3177 per
519 3108 709 3177 oppositionem
730 3108 812 3177 iungi.
848 3109 982 3177 Intelligas
1000 3111 1080 3177 igitur
1102 3110 1155 3162 sic:
1183 3106 1259 3160 Haec
1276 3121 1326 3159 no-

308 3224 387 3262 cuere
408 3208 468 3261 mibi
486 3207 512 3259 in
530 3208 668 3274 amplexu,
685 3206 756 3275 qnod
775 3223 838 3261 vero
855 3208 928 3261 dives
944 3214 1045 3263 ametor
1062 3207 1122 3261 bnic
1139 3205 1229 3272 adest,
1247 3207 1273 3258 ln
1292 3220 1326 3257 eo

307 3308 366 3359 lena
385 3306 447 3361 nihl
465 3282 573 3360 unoculi.¹
598 3306 699 3372 Audio,
723 3308 771 3360 sed
798 3323 849 3361 non
873 3307 939 3361 dixit
956 3308 994 3361 its
1010 3308 1138 3361 Tibullus.
1155 3344 1160 3349 -
1175 3305 1241 3360 Cum
1259 3306 1326 3359 enlm

306 3403 417 3455 nocendi
434 3406 505 3457 notio
523 3421 593 3458 nunc
609 3406 636 3458 in
655 3410 766 3473 unaque
784 3409 911 3460 sententia
928 3406 998 3472 insit,
1016 3408 1148 3476 oppositio
1166 3423 1217 3460 nou
1233 3408 1259 3459 in
1278 3403 1326 3457 lrac

308 3509 396 3573 potest
413 3518 481 3570 esse,
496 3508 543 3560 sed
561 3513 602 3561 est
617 3509 765 3562 necessario
779 3509 805 3561 iu
818 3508 955 3574 adiunctis,
972 3509 1041 3562 unde
1059 3525 1110 3575 ego
1129 3508 1217 3563 addidi
1233 3506 1324 3560 verbm

306 3602 334 3653 in
352 3603 491 3669 amplexu,
511 3608 598 3671 qualia
616 3609 695 3676 etiam
713 3609 834 3662 Tibullus
851 3610 950 3664 addere
965 3609 1107 3663 debuisset·
1149 3608 1250 3663 Deinde
1267 3624 1326 3661 curn

307 3719 341 3757 ex
359 3703 411 3755 ists
429 3703 529 3757 ratione
546 3721 597 3758 aon
622 3725 646 3761 v.
666 3709 760 3767 arbor,
785 3711 832 3764 sed
857 3728 882 3764 v.
902 3711 975 3763 diver
992 3718 1116 3765 amator,
1142 3725 1194 3762 non
1211 3726 1235 3761 v.
1255 3706 1328 3760 vernt

305 3803 334 3855 r'n
351 3802 481 3859 exitium,
504 3804 551 3858 sed
569 3820 593 3861 v.
611 3806 673 3859 lena
692 3809 802 3877 primum
821 3811 906 3864 locum
924 3817 1013 3863 tenere
1031 3809 1144 3862 debeant
1162 3808 1188 3861 in
1205 3805 1328 3859 membris

306 3905 375 3970 suis,
406 3905 485 3959 etiam
509 3905 559 3961 hoc
583 3923 660 3961 seem
683 3907 781 3964 hebere
806 3911 886 3965 vides·
922 3914 1011 3967 Quare
1029 3917 1084 3965 tota
1102 3911 1152 3963 ista
1175 3908 1243 3961 ratio
1267 3923 1328 3977 per-

308 4016 391 4067 versa,
410 4017 443 4055 ne
463 4004 536 4072 plura
555 4004 657 4060 addam.
694 4005 843 4062 Teneamns
862 4010 942 4076 igitur
958 4011 1067 4064 alteram
1086 4010 1135 4062 loci
1154 4009 1329 4061 construetio-

304 4112 364 4151 nem
383 4098 970 4171 neren,winnsanrcmo‚1.icn=nnn0
990 4109 1140 4177 probatum,
1165 4121 1233 4173 quae
1249 4104 1328 4159 unice
