3009 4725
490 241 600 306 LlBli.
623 243 679 306 tit.
720 241 842 307 ELEG.
862 245 918 308 Vi·
1147 253 1208 308 375

189 423 334 495 oppositio,
359 419 471 474 sitem
496 414 573 469 deum
597 412 666 469 dites
690 415 791 483 iacere,
823 418 934 475 aiterum
960 424 1051 487 mites,
1084 438 1206 491 numum

188 525 309 598 speemi
345 522 496 577 Redeamus
516 518 603 588 potius
627 517 661 570 ad
682 520 856 574 ronteetnram
882 520 974 580 miras,
1005 539 1071 590 quae
1098 515 1210 578 formam

188 629 331 682 sermatiae
349 626 445 678 ctararu
462 621 547 674 affert.
585 620 686 690 Nempe
705 622 816 690 pn‘mum
834 627 990 691 generaliter
1007 626 1083 692 dicit,
1111 626 1205 680 deinde

187 729 325 796 specialius
343 730 371 779 et
388 739 436 793 per
454 729 543 791 partes
562 724 675 792 explieat
693 740 763 792 rem,
790 727 816 779 in
840 743 892 794 quo
917 730 1019 783 notabis
1044 745 1117 782 usum
1142 746 1205 783 ena·

188 830 293 900 piorae.
329 829 440 882 Fuititur
464 828 533 880 enina
555 827 679 880 Bruuius
703 830 818 897 repetito
833 827 879 880 iiis
897 860 932 871 -
949 830 996 884 iiis
1019 832 1135 885 diversas
1162 848 1204 886 res

187 932 310 997 distingui
326 944 433 983 censens
449 942 532 993 eaque
550 926 584 978 de
602 942 680 979 causa
697 934 724 981 et
742 930 800 997 ipse
817 936 907 983 tenens
924 930 1010 991 ditem
1029 947 1087 984 uam
1102 936 1202 984 certttnr

188 1035 229 1081 est
245 1027 400 1095 anaphoram
419 1027 496 1078 etiam
512 1025 549 1078 ibi
567 1026 652 1078 iocum
670 1024 779 1092 habere,
797 1028 840 1080 ubi
861 1031 976 1097 partibus
994 1034 1136 1086 sententiae
1154 1048 1203 1085 eu-

188 1127 288 1181 iusdam
307 1126 478 1196 praemittitur
495 1123 643 1192 generalior
660 1126 776 1180 eiusdem
793 1130 954 1194 enuntiatio,
980 1132 1048 1186 coni.
1067 1148 1134 1199 quae
1153 1149 1201 1186 ex-

188 1229 262 1295 posui
281 1229 305 1279 in
325 1226 504 1279 dissertatione
523 1222 556 1275 de
573 1222 729 1277 Eiocutioue
747 1225 853 1278 Tibutti.
896 1228 948 1283 out
967 1244 1029 1281 usus
1046 1245 1105 1283 eum
1123 1232 1201 1284 etism

188 1329 221 1381 ab
239 1327 386 1381 Heremo
410 1329 591 1394 ignoraretur,
618 1325 660 1379 hic
681 1342 784 1394 quoque
804 1330 874 1381 maie
898 1328 1013 1384 defendit
1036 1330 1120 1387 dites,
1151 1347 1203 1399 quo

87 1415 91 1430 '
188 1428 248 1481 nihii
267 1429 349 1495 magis
366 1429 486 1482 alienum.
522 1426 598 1481 Nunc
615 1434 701 1481 antem
718 1430 842 1482 untutens
860 1429 918 1482 ioco
936 1430 1062 1484 redditam
1076 1432 1157 1486 rides.
1168 1459 1203 1470 -

188 1527 369 1592 contudit,
397 1526 510 1592 domuit,
538 1526 625 1594 tregit.
661 1526 777 1594 Collegit
795 1528 876 1581 muita
895 1531 1015 1599 exempta
1032 1529 1201 1582 Benearnu-

187 1642 252 1680 srus.
287 1625 325 1679 Et
353 1626 453 1679 teror
480 1631 536 1691 eat,
564 1627 609 1693 qui
634 1641 747 1679 amorem
773 1625 957 1696 adspernatus,
985 1628 1019 1681 ei.
1037 1629 1201 1682 Mrusunsa·

186 1740 304 1778 uramara
321 1726 355 1779 ad
372 1725 465 1780 Horat.
482 1726 517 1790 li,
536 1730 563 1791 t,
581 1730 608 1779 2.
622 1755 658 1766 -
676 1727 832 1781 dominae
850 1728 944 1782 misit
961 1729 992 1781 iu
1010 1727 1201 1794 arbitrium,

187 1826 298 1879 subiecit
315 1827 421 1880 arbitrio
439 1829 550 1895 poeitae.
588 1829 672 1882 Vina.
698 1832 762 1882 Aen.
781 1828 842 1894 xit,
860 1832 929 1882 190:
953 1826 1068 1897 paribus
1086 1845 1114 1877 aa
1132 1825 1199 1895 legi-

187 1924 236 1977 ims
253 1924 346 1978 arabae
364 1926 486 1977 Invictus
501 1934 595 1997 gentes
612 1933 725 1977 aeterua
741 1926 772 1977 in
783 1925 899 1997 foedera
919 1924 1041 1978 mittunt.
1079 1924 1198 1976 Conserri

185 2030 261 2081 etiam
281 2035 368 2097 potest
388 2030 484 2083 incutio
502 2027 541 2080 ire
558 2025 610 2080 sub
627 2027 780 2097 imperinm,
806 2026 842 2093 11,
866 2031 893 2093 t,
910 2031 954 2081 54.
973 2042 1059 2095 supra.
1078 2052 1114 2065 -
1142 2027 1200 2077 Ar·

185 2131 328 2195 messias,
346 2128 488 2193 edicente,
506 2128 539 2182 ei.
558 2129 674 2181 Ginaia.
693 2127 726 2180 ad
744 2126 821 2181 Ouid.
841 2128 906 2181 Met.
927 2127 987 2192 XV,
1004 2131 1048 2180 su.
1085 2125 1121 2179 Et
1138 2124 1198 2180 ride

184 2227 282 2280 Heras.
301 2232 333 2280 ad
351 2231 427 2283 Ovtd.
447 2233 501 2282 Art.
523 2232 578 2286 Am.
597 2231 631 2296 ΙΙ,
653 2236 713 2284 183.
750 2230 816 2285 Mox
839 2231 954 2285 intras
974 2229 1114 2280 leaenas
1136 2225 1200 2278 dicit

184 2325 352 2389 oppositionis
377 2339 453 2376 causa
478 2327 580 2379 adiecto
604 2331 734 2396 epitheto,
759 2334 902 2387 cumatius
925 2332 960 2385 sit
986 2330 1091 2397 tigrium
1117 2328 1197 2382 eoior.

184 2418 270 2486 Saepe
287 2419 432 2470 noradinus
454 2418 521 2470 hunc
541 2436 637 2473 monus
661 2426 800 2492 poeticum.
837 2429 895 2480 Etsi
914 2445 975 2481 vero
994 2430 1098 2496 plaeere
1116 2428 1199 2498 possit

184 2516 275 2569 Vosstr
294 2516 447 2582 Brearrque
464 2516 543 2567 tectio
561 2514 660 2585 fulvos
684 2516 787 2572 teones,
811 2526 841 2570 ut
864 2524 972 2574 samarit
996 2527 1114 2577 orsurus
1132 2525 1201 2581 ruet.

183 2615 244 2681 XV,
261 2621 312 2668 562
339 2614 536 2684 Armeniaeque
560 2613 644 2684 tigres
667 2610 844 2682 iracundique
862 2612 964 2679 leones,
989 2624 1131 2671 esttamen
1151 2640 1199 2689 pa·

183 2714 290 2768 rendum
310 2713 429 2767 codicum
447 2714 603 2767 auctoritati.
621 2741 657 2753 -
684 2712 813 2767 Perlectis
830 2714 938 2780 singuiis
956 2720 1054 2766 restant
1072 2718 1197 2781 quaedum

183 2812 216 2865 de
233 2818 290 2865 toto
307 2815 366 2865 ioco
384 2811 519 2866 monenda.
555 2811 605 2865 Est
623 2810 665 2865 hia
683 2813 757 2864 iocus
776 2826 841 2864 unns
865 2828 899 2865 ex
922 2812 1011 2881 paucis
1034 2811 1103 2881 apud
1121 2813 1199 2881 Lyg-

183 2910 294 2978 damum,
312 2913 356 2977 qui
375 2914 467 2966 meiius
485 2913 627 2977 elaborati3
644 2913 717 2967 rides
731 2913 930 2982 descriptionem
948 2927 1092 2977 nervomm,
1109 2914 1198 2980 quates

184 3010 224 3064 isia
251 3020 332 3081 poeta
360 3014 526 3081 paucissimae
553 3013 646 3080 habet,
675 3014 799 3083 plurimas
827 3015 945 3081 egregias
970 3014 1097 3068 Tibuiius.
1143 3014 1198 3068 Sed
1298 3026 1301 3031 ’

183 3114 244 3180 quid
263 3117 317 3173 vnit
335 3115 383 3167 sibi
402 3131 445 3167 res
462 3113 525 3167 ttici
562 3116 671 3169 Dixerat
686 3116 749 3166 urite
768 3121 898 3168 certamen
916 3115 966 3168 riui
982 3113 1104 3168 futurum.
1141 3113 1196 3167 lam

183 3215 284 3281 pergit:
303 3214 383 3267 Amor
401 3216 484 3280 enim,
502 3217 543 3267 ani
562 3218 688 3269 servimus
705 3231 811 3281 omnes,
831 3217 901 3269 uritis
918 3216 982 3269 deus
1000 3222 1055 3280 est,
1074 3220 1102 3268 ut
1119 3215 1196 3269 etiam

180 3315 340 3383 compotatio
357 3320 444 3368 nostra
462 3317 565 3382 quieta,
584 3317 684 3383 piacids
704 3332 762 3369 esse
780 3315 891 3381 debeat,
909 3322 988 3383 etque
1006 3313 1064 3368 hina
1082 3316 1197 3368 tttustrs-

180 3417 217 3469 rit
234 3418 285 3468 einr
305 3415 407 3468 Amoris
425 3415 675 3468 mansuefacientern.
711 3414 826 3468 ludiaavi
844 3430 955 3478 nexum3
979 3415 1025 3469 sed
1042 3414 1116 3467 rides
1133 3412 1194 3482 qnid

181 3517 326 3579 peccaverit
350 3515 511 3583 Lygdamus.
555 3516 669 3568 Primum
699 3518 767 3570 eninr
795 3532 855 3571 cum
883 3516 1040 3569 antecedens
1069 3516 1196 3568 sententia

181 3610 245 3665 haec
262 3616 312 3666 stt:
339 3625 366 3665 et
385 3617 410 3667 si
432 3616 494 3688 quis
512 3624 645 3668 certarnen
663 3615 721 3667 vini
739 3627 861 3669 recusat.
880 3617 979 3686 infelix
999 3617 1036 3668 sit
1055 3618 1084 3667 r'n
1101 3631 1197 3668 amare,

180 3722 229 3759 nee
246 3724 365 3775 magnam
389 3715 441 3767 mm
466 3713 560 3767 hebeat
584 3711 716 3781 epitheton
735 3714 798 3765 mite
816 3716 852 3766 ibi
871 3718 949 3779 qusai
967 3715 1056 3767 obiter
1072 3716 1204 3773 insertum,

181 3820 258 3858 nemo
285 3808 403 3875 proiecto
429 3815 598 3883 exspectabat
623 3814 671 3868 troc
697 3817 781 3885 ipsum
807 3828 878 3867 nune
907 3814 1075 3872 illustratum
1095 3811 1128 3864 iri
1149 3807 1209 3859 data

179 3919 274 3973 opera,
300 3922 349 3960 uec
366 3910 388 3961 si
413 3912 516 3966 abesset
541 3917 627 3981 iocus,
653 3915 816 3974 desiderares
834 3914 996 3987 quidquam,
1040 3913 1099 3966 Est
1119 3913 1217 3978 praeter

178 4009 359 4061 necessitatem
376 4010 549 4080 interpositus.
587 4018 686 4074 Deinde
707 4027 785 4084 etiam
804 4018 950 4083 transitu„
965 4029 1064 4098 mutus
1088 4017 1136 4064 est.
1166 4005 1229 4060 Quis
