3009 4725
477 349 587 414 suun.
609 349 635 410 1.
676 348 798 413 euno.
819 348 877 452 m.
1136 361 1194 417 ιιι

172 532 225 584 iarn
242 527 377 581 monitam·
412 520 474 575 Non
491 519 604 574 sustinet
621 532 712 572 oarara
729 519 819 585 Deba,
845 524 930 573 tamen
953 521 1086 575 severiore
1102 528 1193 574 custo-

173 628 218 682 dia
238 640 313 696 opna
331 637 413 691 quare
429 634 499 674 nuno
516 623 616 672 mutata
632 618 762 671 sententia
779 618 850 670 aliud
868 618 1077 672 comminiscitur.
1113 619 1193 687 loge·

173 744 224 782 nue
240 727 337 780 fatetur
354 728 382 776 et
399 722 495 775 indicat
513 719 605 773 marito
620 719 646 771 ln
663 715 832 796 abnuentibus
848 733 963 771 amorem
981 732 1056 770 suum
1068 722 1097 770 et
1113 732 1195 785 saepe

172 835 285 885 structus
302 825 417 889 iusidias,
435 827 465 875 ιιι
483 819 525 874 bio
541 835 619 889 quem
637 820 782 889 comperiat
799 820 850 873 iam
864 824 926 872 ante
943 835 1018 872 usum
1036 834 1095 872 oum
1110 833 1194 872 uxore

173 926 301 994 babuisse,
326 931 354 978 et
373 923 488 977 ullaoias
505 922 561 974 eius
580 935 657 974 nosse
675 933 774 985 omues,
795 920 821 971 ei
837 934 890 972 noa
907 919 1009 973 dubitet
1028 920 1193 1000 committere

172 1027 307 1080 custodiae
330 1031 446 1093 partem,
471 1020 494 1074 sl
515 1020 595 1076 modo
618 1022 663 1074 aiii
687 1036 779 1074 omues
802 1020 971 1072 excludantur
997 1025 1112 1073 amantes
1130 1026 1158 1074 et
1175 1038 1193 1074 s

173 1124 340 1176 dissolutione
359 1121 413 1174 situ
429 1119 504 1172 Delie
525 1119 676 1170 retineatur.
713 1116 775 1169 Hoo
792 1117 873 1184 igitur
897 1133 967 1172 nuno
990 1120 1113 1187 proponit
1135 1134 1192 1173 ms-

174 1225 233 1276 rito.
270 1224 311 1275 De
329 1223 412 1288 ligura
429 1224 545 1274 mutatus
561 1217 706 1272 sententies
723 1216 874 1270 suavissima
891 1216 960 1286 apud
978 1217 1110 1271 Tibullum
1127 1219 1192 1271 satis

174 1322 287 1390 explicui
311 1322 337 1372 iu
361 1319 550 1372 Dissertations
571 1317 604 1370 de
621 1318 700 1371 Poesi
718 1318 783 1371 eius.
806 1345 842 1356 -
869 1318 901 1372 V.
919 1321 955 1370 25
974 1333 1013 1385 sq.
1040 1333 1191 1384 gemmus

173 1421 377 1487 signumque
403 1421 501 1488 optime
528 1418 644 1472 restituit
668 1418 860 1470 Lsouuanaus
888 1433 926 1486 pr.
954 1415 1102 1488 signumve.
1137 1420 1193 1473 Pu·

175 1517 229 1568 tida
246 1523 287 1570 est
302 1518 432 1586 oppositio
450 1518 477 1570 iu
495 1516 575 1569 rebus
594 1523 647 1567 tam
665 1521 737 1567 arete
756 1514 907 1568 coniunctis.
944 1515 1067 1569 Ceterum
1085 1532 1137 1570 non
1152 1523 1193 1570 ost

175 1616 260 1680 ligure
283 1615 309 1667 ἓν
331 1611 376 1669 διὰ
401 1618 489 1679 δυοῖν,
517 1622 547 1669 ιιι
565 1616 643 1668 etism
661 1614 903 1666 Wuunsnnrourus
922 1619 1018 1668 mouet.
1056 1614 1195 1669 Laudabat

176 1728 335 1779 gemmarum
352 1715 533 1782 praestantiam
551 1719 578 1766 et
591 1712 734 1780 signorum,
753 1713 829 1765 iniis
847 1727 913 1780 quae
931 1727 1062 1780 expresse.
1098 1714 1192 1768 Fuisse

176 1819 263 1866 autem
281 1813 347 1866 inter
365 1814 504 1867 amantium
521 1820 592 1867 artes
610 1819 730 1881 spectare
747 1813 857 1865 annulos
875 1811 1031 1879 digitorum,
1057 1813 1190 1868 Bnouon·

175 1930 273 1968 uusrus
292 1915 343 1967 ulio
361 1915 480 1982 exemplo
499 1915 618 1981 illustrat,
635 1915 742 1969 Pnsnu.
761 1897 999 1977 Asinsslv,1‚ns.,
1019 1911 1098 1964 etiam
1109 1911 1191 1965 Ess-

174 2028 223 2066 nno
242 2018 356 2066 notante.
392 2010 485 2065 Eidem
506 2014 581 2065 eins
597 2013 672 2066 nimis
691 2019 770 2063 tenue
789 2015 817 2062 et
838 2010 907 2062 exile
925 2008 1068 2075 videbatur,
1085 2009 1133 2062 sed
1146 2010 1190 2062 vix

174 2120 255 2167 recte.
290 2113 350 2181 Ipse
369 2113 447 2166 affert
463 2113 605 2168 Bnunusu
622 2112 762 2179 indicium,
786 2113 874 2180 quiin
892 2114 974 2180 elegis
992 2112 1020 2165 id
1037 2112 1138 2166 serebat
1155 2112 1190 2167 ad

173 2210 282 2264 lionsn·
300 2212 347 2277 lll,
367 2215 409 2278 il,
430 2215 471 2265 rs.
491 2239 525 2251 -
552 2187 618 2268 l3er
636 2226 785 2277 oausam,
809 2206 877 2262 nord
895 2207 1023 2281 πρόφασιν
1041 2219 1070 2265 ιιι
1088 2218 1187 2270 ιιοιιιιιι.

175 2309 241 2361 Vide
267 2310 412 2365 Duronius.
437 2310 470 2362 ad
497 2309 672 2376 nlullan.
714 2308 855 2377 Comparat
879 2310 1121 2365 Wunnunnrouros
1141 2327 1191 2380 per

173 2410 285 2479 speciem
300 2411 398 2464 Tuom.
419 2410 488 2464 illst.
506 2411 529 2476 1,
546 2415 605 2466 tl..
629 2427 680 2479 per
699 2408 897 2462 simulationem
922 2412 944 2477 I,
962 2415 1007 2466 14.
1030 2438 1065 2455 -
1097 2412 1128 2464 V.
1145 2414 1191 2463 28.

175 2511 301 2563 Sobria
319 2511 442 2577 poonla
459 2510 531 2577 dioit,
546 2526 606 2563 oum
623 2527 690 2578 aqua
708 2526 757 2580 pro
775 2511 836 2563 vino
853 2515 988 2580 supposita
1001 2520 1080 2567 esset.
1116 2512 1189 2565 luins

173 2608 209 2675 11,
229 2611 253 2674 i,
269 2610 305 2660 43
311 2627 319 2661 ι
342 2603 432 2659 sobria
448 2605 568 2674 lympdo.
604 2608 733 2663 fluxurus
751 2615 887 2677 praeterea
904 2610 1029 2664 Pnanon.
1048 2611 1082 2665 de
1101 2612 1188 2680 Lego.

174 2707 220 2774 Vl,
244 2725 271 2775 p.
289 2711 351 2760 113.
378 2707 411 2762 b.
435 2706 537 2773 iaudat,
564 2709 607 2776 qui
634 2705 695 2762 dedu
717 2702 833 2779 νήφοντα
858 2709 921 2762 dicit
940 2726 1048 2776 nquam,
1076 2712 1110 2765 de
1137 2730 1189 2780 quo

172 2807 336 2863 Peon-naon.
356 2806 389 2859 de
406 2805 472 2859 dud.
498 2807 574 2859 Poet.
592 2823 616 2859 o.
633 2811 658 2858 3.
678 2833 712 2844 -
742 2807 874 2872 victor,
901 2813 930 2858 ut
949 2807 973 2858 in
992 2808 1132 2861 oertnmine
1151 2811 1191 2861 bi-

174 2907 258 2961 bendi.
278 2933 314 2949 -·
342 2907 374 2960 V.
392 2909 437 2961 2⁹.
457 2906 620 2976 prudens,
644 2908 747 2972 solens,
765 2907 899 2972 consutio,
916 2905 963 2959 sed
978 2905 1081 2958 turbata
1104 2912 1190 2960 mente

175 3006 241 3073 ieci,
268 3015 295 3061 et
314 3008 423 3076 abrepta
440 3007 465 3059 vi
484 3006 588 3061 amoris.
624 3008 757 3075 Perpetua
775 3007 910 3060 excusatio
933 3005 1088 3070 amantium,
1110 3006 1191 3070 Amo-

173 3123 229 3162 rem
247 3109 361 3173 iussisss,
380 3108 553 3175 improbante,
570 3113 600 3160 ut
618 3108 741 3162 Vuneros
760 3105 842 3173 notet,
861 3110 974 3160 Auctore
992 3101 1191 3157 Rhetorioorum

175 3208 208 3259 ad
228 3207 385 3261 Herennium
401 3205 436 3274 ll,
456 3210 500 3260 16.
521 3233 556 3247 -
584 3206 616 3259 V.
635 3209 679 3260 33.
711 3206 886 3271 lnstabnt,
914 3205 1016 3257 latratu.
1060 3200 1190 3253 Solemnis

174 3310 265 3358 eustos
283 3306 423 3373 puellarum
442 3305 513 3358 osiris
530 3305 652 3371 alligata,
678 3302 712 3357 oi.
730 3303 797 3356 inira
814 3303 849 3369 11,
866 3306 892 3369 4,
908 3308 953 3355 33.
983 3304 1126 3356 Psoennn.
1144 3299 1192 3363 1v‚

172 3413 200 3475 3,
219 3412 263 3461 11.
288 3407 397 3460 Honan.
414 3406 500 3477 Epod
520 3408 553 3473 V,
570 3411 614 3461 51.
640 3407 744 3458 snum.
763 3404 886 3458 Controv.
904 3409 958 3470 iio,
976 3419 1043 3471 quse
1061 3402 1192 3455 Buouoa-

173 3524 271 3562 nusrus
294 3513 377 3562 notat.
413 3508 480 3563 ddd.
505 3509 597 3561 Bous.
623 3507 657 3560 ad
683 3502 786 3582 Antinoi.
812 3506 871 3557 Lat.
897 3504 929 3557 Τ.
955 3504 990 3558 ΙΙ.
1016 3524 1042 3574 p.
1067 3507 1131 3557 233.
1157 3530 1191 3542 -

173 3607 206 3657 V.
224 3611 260 3660 34
275 3624 333 3675 sqq.
353 3608 487 3661 irustrn
506 3608 614 3660 clavis
632 3610 725 3661 inest
744 3606 894 3669 loribus,
912 3606 946 3658 ci.
964 3622 1044 3675 supra
1061 3606 1082 3670 1,
1100 3609 1127 3670 3,
1147 3608 1190 3657 lit.

174 3702 214 3755 De
228 3707 355 3772 positione
368 3712 523 3773 servari,
538 3706 683 3773 frustra,
698 3708 802 3760 minime
816 3707 951 3772 [respuenti
967 3707 1001 3761 ci.
1015 3709 1190 3761 Sonusrosa.

175 3804 321 3857 Grammat.
339 3804 399 3857 Lst.
424 3806 501 3859 Tom.
519 3806 554 3871 11,
581 3824 606 3875 p.
626 3809 689 3858 690.
728 3803 833 3858 Videbis
850 3809 938 3856 tamen
956 3804 991 3855 ibi
1010 3808 1082 3855 certa
1100 3818 1190 3854 exem-

173 3904 226 3974 pla.
246 3932 279 3943 -
306 3905 396 3959 alios
422 3888 583 3976 suspirat
608 3921 753 3972 amores,
782 3906 861 3958 alium
886 3910 1014 3956 amantem
1041 3902 1141 3969 cogitat
1165 3907 1193 3952 et

172 4004 313 4059 desiderat.
350 4006 420 4060 Infra
437 4008 484 4073 lv,
502 4011 530 4071 5,
550 4010 597 4060 lla
625 4003 727 4075 Quodsi
744 4004 824 4076 sorte
848 4001 917 4053 alios
941 4001 1086 4059 iunstnc
1102 3998 1192 4081 suspi-

170 4113 218 4155 rot
236 4121 349 4159 amores.
374 4108 472 4162 lurum.
491 4105 541 4170 xl,
558 4109 624 4160 lbds
652 4104 774 4176 suspirat
802 4103 880 4175 longo
905 4120 957 4155 asom
975 4101 1060 4154 visam
1078 4108 1194 4170 tempore
