3009 4725
473 427 583 491 LIBR.
605 428 628 490 1.
673 428 791 495 ELEG.
815 433 871 494 tx.
1124 446 1180 500 183

161 606 263 664 Andanis
287 605 371 666 μέλλει
394 595 507 668 τᾶγαλμ’
522 598 685 672 ἀναπλήσειν.
703 633 736 643 -
771 606 923 659 subesse.
960 589 1073 662 iiunotat
1093 610 1177 664 Wun-

163 719 345 759 nunorcntose
372 702 484 770 Propria
508 701 542 754 de
566 703 614 769 iis,
639 717 706 768 quae
731 703 861 771 ioniique
886 719 914 757 te
933 708 1031 761 inclusa
1050 709 1130 761 intent
1148 718 1176 761 ut

161 820 211 858 aon
229 802 465 857 animadvertantur
482 806 510 854 et
526 800 665 869 decipiant,
682 802 898 868 quemadmodum
917 804 1000 873 doins,
1026 806 1095 861 iram
1113 808 1176 862 sub·

160 912 212 970 est,
234 902 313 956 veluti
331 901 431 954 Tucim.
449 898 582 964 Brutti,
601 903 650 952 lu:
675 898 782 951 subesse
798 900 930 971 fraudem
947 903 1057 957 consilio
1070 906 1176 976 putuit.

159 1006 218 1058 Ltv.
239 1004 284 1071 Vl,
303 1006 347 1057 15.
375 999 755 1066 Tscrr.dnnai.11‚4i.-·
783 1001 850 1055 Mox
874 1018 994 1072 aspera
1021 1006 1108 1061 Venus
1127 1018 1175 1074 est,

158 1105 227 1157 idem
257 1101 320 1155 dicit
347 1099 607 1164 Wuunsantoatus,
639 1112 706 1164 quaa
734 1098 810 1153 maiis
835 1100 945 1154 iaieiicis
973 1106 1067 1157 amotis
1094 1108 1175 1175 punit,

159 1203 214 1258 dii
218 1204 231 1256 i
235 1203 346 1269 iciiis,
373 1216 441 1269 quta
458 1215 507 1253 nec
526 1199 645 1270 precibus
662 1214 711 1252 nec
728 1202 810 1254 sacris
828 1204 930 1256 exorari
948 1205 1055 1258 sesinii
1072 1213 1100 1259 ut
1117 1209 1173 1261 ani·

159 1317 228 1356 muta
252 1300 351 1355 reddat
388 1299 509 1354 ceterum
534 1297 568 1351 ei.
593 1297 626 1350 ad
652 1297 674 1362 Ι,
697 1301 725 1364 2,
748 1301 846 1354 211-
875 1301 908 1353 v.
926 1304 970 1354 at.
994 1305 1039 1358 22.
1084 1305 1171 1360 Maiinr

157 1402 243 1469 potius
261 1401 362 1454 servilia
380 1398 508 1469 supplicis
525 1396 595 1465 pati,
614 1395 749 1463 dicebam,
773 1412 851 1463 quom
868 1400 1000 1468 periurum
1017 1407 1044 1454 te
1063 1403 1171 1458 videant.

158 1503 251 1567 Servi,
272 1508 301 1553 ut
318 1506 435 1564 constat,
459 1497 631 1552 severissimis
648 1497 739 1566 poenis
755 1497 935 1554 afficiebantur
952 1517 968 1554 a
986 1501 1095 1556 dominis
1113 1519 1173 1556 cru-

158 1601 260 1655 deiibus
279 1600 320 1651 rei
343 1598 414 1652 ieves
431 1598 466 1651 ab
484 1613 592 1662 mum,
616 1595 756 1648 urebantur
772 1595 884 1650 admotis
901 1597 1001 1654 facibus
1017 1607 1063 1652 aut
1081 1602 1175 1656 ianuas

158 1698 293 1764 candente,
311 1698 511 1750 vulnerabantur
528 1694 611 1761 iecra,
630 1693 833 1747 verberabantur
850 1696 968 1762 flagellis.
984 1724 1020 1737 -
1038 1698 1173 1753 intorto

158 1800 320 1863 verbere,
337 1799 457 1865 flagelio,
474 1803 503 1850 ui
519 1797 541 1864 1,
557 1801 585 1862 a,
601 1800 646 1850 iti.
666 1824 701 1838 ·-
725 1811 847 1849 secare
865 1794 899 1851 de
918 1796 1067 1850 verberibus
1085 1815 1173 1868 saepe,

157 1905 187 1953 ut
205 1898 314 1952 Haase.
332 1895 419 1966 Epcd.
435 1896 482 1962 IV,
501 1901 542 1949 11.
569 1894 713 1948 Mancino.
731 1894 767 1961 X,
784 1899 812 1960 ὁ,
829 1898 873 1949 rt.
891 1923 923 1935 -
951 1897 984 1949 V.
1001 1900 1037 1949 2³
1055 1916 1093 1965 sq.
1121 1915 1170 1951 ce-

157 1998 248 2054 iandi
273 2014 353 2069 apes
378 1998 439 2063 sit,
468 1997 565 2052 diserte
587 1996 897 2076 deieadit'Hnscnnns,
922 2011 971 2049 nac
988 1995 1092 2050 dubiam
1112 1998 1172 2050 reii-

156 2099 273 2153 ciendam
289 2101 398 2152 aiteram
415 2097 568 2150 lectionem:
595 2094 695 2147 celanti
705 2093 761 2166 jos
781 2094 834 2152 sit,
857 2110 933 2162 quam
951 2097 1096 2165 explicant:
1123 2112 1172 2149 nec

50 2237 58 2248 .
156 2200 233 2252 iiceat
250 2197 298 2250 tibi
315 2196 411 2251 ceiaati
429 2210 548 2265 peccare,
566 2210 615 2263 pro
631 2210 684 2262 quo
701 2194 789 2264 potius
805 2197 1012 2264 exspectaverim
1030 2212 1078 2250 nec
1094 2197 1172 2251 iiceat

156 2299 241 2351 celata
266 2296 393 2366 peccanti.
412 2322 447 2334 -
480 2294 565 2348 daus
593 2293 635 2347 hic
660 2302 687 2347 et
712 2295 738 2347 ia
763 2296 931 2362 sequentibus
956 2299 1036 2350 Amor
1061 2303 1108 2350 est
1134 2326 1168 2336 -

156 2399 188 2451 V.
206 2401 251 2448 26.
268 2402 313 2449 2⁶.
348 2396 410 2465 lpse
432 2396 514 2460 deus,
541 2397 595 2459 ait,
623 2394 703 2459 vulgo
728 2399 820 2460 tegens
838 2395 906 2449 iurta
929 2398 1084 2463 amantium,
1110 2397 1170 2449 taiia

156 2504 242 2548 tamen
265 2494 370 2561 periurii
394 2499 500 2560 peccata
526 2493 642 2559 permisit
667 2500 697 2545 ut
722 2493 901 2561 proderentur.
937 2497 991 2550 Sed
1017 2504 1076 2566 past
1097 2513 1169 2566 per-

156 2595 249 2649 misit
271 2594 333 2660 quid
357 2592 473 2661 posuerit
496 2591 633 2659 Tibullus,
658 2595 799 2662 quaeritur.
837 2594 948 2661 Legitur
969 2594 1026 2647 lene
1050 2604 1077 2649 et
1099 2595 1169 2663 leva,

154 2709 233 2750 savo,
256 2691 327 2749 kas,
351 2706 399 2761 pro
423 2706 475 2757 quo
495 2689 552 2743 iiaii
570 2708 649 2761 saepe
665 2694 829 2747 invexerunt
872 2693 1065 2746 Lacarrtuuus
1084 2714 1169 2749 masec

154 2791 272 2858 coniicit,
300 2789 346 2844 sed
370 2788 531 2843 incommoda
558 2791 743 2859 iuterrogatio,
769 2806 827 2845 cum
852 2806 963 2857 sequens
986 2790 1112 2847 distichon
1137 2813 1168 2849 ea

152 2898 247 2946 maest
296 2890 458 2943 Hnsounrus
484 2906 544 2943 cum
572 2893 678 2945 Srnnro
704 2899 733 2945 at
758 2893 932 2945 Passnttnro
958 2890 1020 2941 isac
1046 2890 1169 2957 defendit,

75 3054 81 3067 ⁶
152 2993 287 3063 probatum
311 2993 390 3045 etiam
415 2991 546 3057 Bomio,
570 2993 640 3059 quod
667 2992 781 3046 Vossius
804 2993 948 3047 certissime
972 2992 1084 3045 alienum
1110 3007 1168 3044 essa

152 3091 278 3156 aidrmai3
296 3092 334 3143 uti
353 3107 461 3162 puerum
479 3108 556 3146 servo
575 3093 732 3147 internuntio
749 3094 775 3147 in
793 3093 924 3147 amoribus
941 3094 1011 3158 suis,
1030 3107 1081 3145 non
1100 3093 1165 3145 lena.

152 3188 231 3245 unco
246 3195 332 3244 tamea
349 3190 449 3244 Vossra
466 3191 517 3259 ipsi
536 3192 623 3259 piacet
637 3190 712 3249 ἱινα,
739 3190 765 3246 it.
783 3207 807 3246 a
830 3192 925 3258 stnite,
951 3189 1000 3245 hoc
1018 3191 1106 3258 lingua
1124 3206 1167 3244 re·

151 3287 222 3356 spuit
247 3302 295 3341 nec
321 3295 415 3357 poetae
439 3289 574 3342 consilium
600 3288 729 3344 convenit.
773 3288 902 3357 Equidem
927 3305 986 3343 cum
1009 3289 1066 3342 aiiin
1088 3289 1167 3342 credo

150 3386 285 3439 meliorem
302 3387 476 3441 coniecturam
494 3388 636 3454 excogitari
663 3403 713 3440 aon
738 3402 816 3455 posse
842 3403 919 3455 quam
943 3388 1027 3441 iena·
1071 3388 1167 3444 Quidni

150 3486 219 3539 euim
236 3487 311 3540 ienae
338 3502 389 3556 ope
413 3492 514 3540 amator
538 3485 611 3538 dives
628 3486 664 3536 nti
686 3487 800 3553 potuerit
817 3485 850 3538 ad
868 3485 1083 3554 ccrnrmpendum
1101 3501 1166 3556 pue·

151 3583 230 3636 turni
264 3590 303 3639 Ac
331 3586 390 3641 ride
415 3585 578 3641 commodam
605 3586 803 3655 oppositionem.
845 3588 932 3655 Saepe
957 3588 994 3641 ait
1020 3588 1113 3641 iactum
1138 3598 1167 3643 ut

152 3687 255 3734 tacente
271 3700 355 3752 servo,
380 3691 475 3743 comite
494 3687 558 3755 iteri,
576 3690 635 3741 lena
653 3687 723 3740 ebria
743 3702 797 3739 rem
816 3687 946 3756 proderet,
964 3704 1029 3753 quas
1047 3689 1167 3743 mulieres

151 3783 253 3832 oaasmt
274 3784 375 3838 vinum
400 3787 481 3842 iuism
499 3787 626 3852 manime,
652 3785 688 3840 ci.
705 3786 788 3838 Otto.
808 3789 909 3839 Amarr.
927 3787 993 3853 1,a‚
1010 3787 1065 3840 init.
1092 3788 1163 3840 Fast.

151 3873 185 3940 11,
203 3876 267 3930 800.
290 3878 435 3935 Paonann.
451 3884 498 3949 lv,
516 3884 543 3951 ii,
560 3888 587 3938 2
606 3885 712 3941 Poeno.
730 3882 837 3937 careni.
856 3884 877 3948 l,
895 3888 922 3935 ὓ.
958 3870 1038 3940 unni
1056 3884 1166 3951 deniqne

150 3974 348 4031 coiiocationem
377 3996 400 4032 v.
429 3981 490 4035 iana
521 3987 613 4040 attinet
641 3988 709 4039 inter
741 3984 826 4036 tacito
850 4011 885 4023 -
913 3980 1043 4039 tuniano,
1079 3980 1167 4035 couier

151 4075 290 4129 Wonrtutt
310 4060 454 4135 ad'Horat.
472 4086 529 4138 Sat.
549 4087 569 4149 1,
589 4092 612 4151 i,
631 4091 693 4152 811,
720 4084 887 4140 Ηυισιιιιιυιι
912 4083 953 4137 bic
971 4084 1004 4136 ad
1022 4082 1117 4135 Tihuii.
1140 4090 1166 4137 ei

150 4173 175 4225 in
202 4173 280 4230 iioii.
309 4176 425 4232 Anaiect.
452 4182 483 4235 V.
507 4182 527 4245 1,
552 4188 609 4236 lit.
634 4194 661 4240 et
687 4185 753 4239 adde
779 4190 893 4240 nostram
918 4185 1108 4239 annotationem
1134 4182 1166 4236 ad
