3009 4725
299 411 341 465 90
533 403 817 473 COMMENTAR.
840 409 886 474 IN
906 411 1081 475 TlBULLI

298 578 528 646 persequeris
553 579 773 647 propositum
793 579 1044 645 intentissime,
1068 579 1155 633 ninii
1181 584 1317 635 omuino

297 696 336 731 nc
354 694 393 730 ue
411 678 648 731 iusiurandum
667 679 802 745 quidem
821 680 976 746 lugiens,
1001 680 1057 733 ubi
1075 680 1162 732 utlie
1181 680 1317 733 videbi-

297 782 357 829 tur.
395 777 526 832 Quodsi
543 778 665 831 tardus
683 780 756 833 eris
775 796 835 834 nee
853 781 976 846 quovis
998 786 1167 847 tempere,
1194 780 1316 845 quavis

296 873 484 926 occasione
506 880 703 943 opportuna
728 876 852 942 uteris,
880 891 941 928 uon
965 878 1085 943 capies
1111 891 1253 945 pueros,
1280 882 1316 928 et

296 972 459 1026 transibit
480 973 551 1027 citu
571 980 669 1026 actas
687 975 761 1028 siue
780 975 897 1028 fructu
915 975 1049 1026 amoris.

368 1075 400 1128 V.
418 1077 506 1130 9-14.
542 1075 640 1129 Mirum
657 1077 692 1129 sit
708 1076 732 1129 sl
749 1091 869 1139 armen,
887 1073 931 1128 ubl
949 1072 983 1127 de
1001 1074 1134 1143 capiendis
1152 1078 1241 1146 pueris
1255 1078 1313 1145 sgi-

295 1180 353 1239 tur‚
377 1174 532 1227 suavitatem
551 1189 690 1242 puerorum
713 1174 795 1241 ipsam
820 1171 925 1224 taudsre
949 1172 1083 1241 negligat,
1110 1181 1315 1243 propterquam

295 1281 422 1329 amantur.
457 1273 540 1328 Immc
558 1274 592 1327 ab
610 1273 660 1328 hac
676 1273 753 1327 laude
771 1274 872 1327 initium
890 1273 1035 1328 iaciendum
1055 1275 1111 1330 luit.
1148 1273 1227 1332 Quod
1245 1290 1314 1327 nuuc

295 1373 406 1441 Priapus
424 1373 492 1427 bene
509 1375 548 1427 sic
572 1375 650 1439 lacit,
677 1381 706 1428 ut
731 1376 835 1430 omnine
861 1391 953 1430 cavere
978 1376 1067 1429 iubeat
1090 1375 1123 1428 ab
1147 1389 1237 1427 eurum
1265 1373 1313 1426 ad-

294 1477 401 1539 spectu,
417 1473 440 1525 si
456 1473 513 1525 fieri
533 1473 631 1541 pessit3
648 1475 723 1526 nimis
741 1475 809 1526 euim
828 1474 954 1528 lubricum
974 1491 1032 1528 esse
1050 1490 1096 1528 ees
1112 1474 1256 1543 adspicere.
1277 1498 1313 1515 -

294 1570 437 1624 eredere
455 1578 502 1638 te,
528 1571 553 1626 is.
568 1588 592 1626 e.
610 1573 683 1627 adire
701 1590 822 1634 securum
840 1576 943 1629 turbem
961 1576 1007 1629 tibi
1025 1575 1214 1644 periculosam,
1239 1572 1313 1638 qnasi

294 1673 366 1720 tutus
385 1669 420 1721 sis
439 1668 484 1723 ubi
505 1670 592 1723 emnia
610 1672 687 1739 piena
704 1673 888 1740 periculorum.
925 1673 1036 1726 Ubinam
1055 1688 1117 1725 vere
1135 1670 1233 1724 videbit
1250 1686 1315 1725 coe·

296 1773 338 1819 tus
361 1768 427 1821 tales
450 1770 612 1836 puerorum?
649 1751 679 1823 iu
706 1788 801 1840 eampo
827 1772 940 1837 Martio,
965 1780 1044 1842 puta,
1070 1772 1115 1826 ubi
1139 1770 1315 1838 gymnasticae

296 1866 496 1919 exercitationes
513 1882 652 1934 puerorum
671 1866 851 1935 habebantur,
868 1871 959 1937 quales
976 1869 1025 1924 lroc
1044 1873 1103 1924 loce
1120 1875 1247 1923 memorat
1266 1868 1314 1920 Ti-

295 1964 396 2017 bullus:
421 1966 562 2032 equitatio,
590 1967 689 2018 natatio
714 1968 741 2018 in
760 1966 867 2033 Tiberi,
893 1968 945 2022 rid.
964 1969 1075 2022 chnu.
1092 1967 1140 2033 ΙΙΙ,
1159 1972 1184 2032 1,
1202 1970 1237 2018 25
1254 1982 1311 2030 sqq.

292 2062 360 2116 ndu.
378 2063 399 2128 Ι,
415 2069 441 2128 8,
458 2066 477 2115 a
495 2079 552 2131 sqq.
570 2064 619 2130 ΙΙΙ,
639 2069 682 2132 12,
699 2072 726 2121 6.
745 2070 790 2132 24,
808 2070 852 2120 ⁵4.
871 2068 919 2132 lv,
939 2073 962 2133 1,
981 2069 1023 2120 tiu
1043 2075 1071 2120 et
1089 2069 1197 2120 vassu.
1216 2065 1249 2117 ne
1267 2064 1309 2115 Re

293 2162 372 2218 Milit.
388 2163 411 2228 Ι,
431 2168 473 2216 10.
512 2163 584 2218 Haec
603 2164 683 2230 igitur
705 2167 860 2233 campestria
877 2164 965 2217 studia
983 2180 1050 2216 uuus
1069 2164 1182 2231 respicit
1218 2163 1264 2213 Sic
1284 2161 1309 2214 in

293 2264 406 2316 Graecia
423 2263 450 2316 in
468 2263 603 2330 gymnasia
619 2270 648 2316 et
665 2264 807 2331 palaestras
826 2262 912 2327 ibant,
937 2262 981 2327 qui
1006 2276 1101 2326 pueros
1123 2259 1251 2312 formosus
1269 2259 1308 2310 ri-

292 2359 355 2413 dere
372 2362 519 2432 cupiebant.
530 2392 565 2403 -
583 2378 717 2416 causam
735 2360 876 2427 habeut,
896 2360 921 2415 lt.
935 2378 959 2416 e.
976 2377 1054 2415 causa
1068 2360 1100 2413 iis
1113 2360 1191 2415 inest.
1228 2359 1308 2414 Com-

293 2466 367 2528 parat
384 2461 625 2514 Wuasnuntrursrus
642 2459 723 2530 Sepia
742 2461 842 2514 Electr.
857 2464 927 2515 466:
951 2456 982 2513 ro*
1000 2456 1051 2530 γὰρ
1073 2462 1174 2512 δίκαιον
1195 2455 1242 2512 οὐκ
1259 2460 1310 2525 ἔχει

293 2555 368 2625 λόγον
384 2558 480 2631 ἐρίζειν,
495 2563 590 2615 lustum
608 2577 660 2615 nou
678 2559 757 2615 habet
773 2577 877 2615 eausam
894 2561 1065 2630 disceptandi,
1083 2566 1112 2612 et
1125 2559 1188 2613 inte
1203 2564 1311 2613 ast.-

292 2662 375 2715 v.11
395 2678 452 2729 sqq.
479 2665 654 2730 angustis,
681 2660 707 2715 Ιι.
727 2680 751 2716 e.
777 2663 905 2717 adductis.
929 2690 963 2701 -
988 2660 1166 2729 placidam.
1202 2659 1311 2713 Fallitur

292 2760 929 2832 Huscusmstrauspositieuemrrdvsoplacidam
936 2759 1127 2814 commendans.
1145 2758 1309 2813 Manifestum

290 2868 332 2916 est
349 2863 417 2916 enim
435 2868 518 2916 totum
535 2864 622 2916 locum
639 2864 666 2915 iu
684 2863 849 2932 oppositione
867 2862 1026 2914 diversarum
1045 2874 1130 2912 rerum
1149 2858 1262 2923 versari,
1281 2863 1309 2910 ut

291 2963 369 3015 toties
387 2963 418 3015 fit
435 2963 461 3014 in
479 2962 572 3028 elegia.
608 2962 695 3028 Atque
714 2960 756 3014 iric
776 2960 882 3028 quidem
901 2977 968 3028 equo
987 2960 1095 3030 rapide,
1113 2959 1220 3014 habenis
1236 2975 1309 3013 com-

181 3106 189 3123 .
291 3061 438 3129 pesceudo,
463 3063 603 3131 opponitur
627 3061 729 3129 placida
746 3077 822 3129 aqua.
859 3063 949 3119 Quare
966 3061 1115 3114 necessarie
1134 3057 1183 3113 hec
1199 3059 1308 3112 adieeti-

292 3178 351 3215 vum
370 3163 396 3215 in
414 3162 487 3215 initio
506 3161 660 3229 pentametri
678 3175 737 3213 esse
757 3159 843 3212 debet.
880 3160 1079 3228 oppositionem
1096 3159 1176 3211 etiarn
1196 3158 1309 3211 Vossius

291 3277 343 3314 uon
370 3264 555 3330 perspexerat,
581 3259 625 3325 qui
646 3256 762 3329 facilem
788 3274 826 3327 pr.
844 3257 981 3327 placidam
1006 3258 1159 3312 emendavit.
1176 3284 1213 3297 -·
1243 3257 1309 3310 Hic

173 3374 193 3393 ··
290 3360 397 3427 pellit
422 3374 461 3428 pr.
485 3358 546 3426 quia
572 3356 661 3426 pellit,
689 3356 749 3410 dum
775 3359 855 3426 pellit„
893 3358 1014 3411 Ceterum
1040 3356 1074 3411 cl.
1098 3357 1147 3423 ΙΙΙ,
1166 3362 1193 3423 6,
1209 3361 1254 3411 30.
1272 3382 1308 3396 ·-

290 3460 305 3512 f
309 3462 400 3512 ortis
418 3462 577 3526 audacia,
596 3460 714 3513 consulte
731 3459 822 3512 addito
840 3457 957 3527 epitheto
974 3460 1006 3512 ad
1026 3460 1172 3526 augendam
1190 3458 1240 3510 vim
1258 3472 1307 3523 cp·

291 3559 435 3628 positionis,
454 3576 512 3613 cum
529 3567 667 3628 sequatur:
686 3561 877 3628 Virgineus
897 3560 1017 3629 pudor,
1035 3560 1068 3612 cf.
1087 3559 1119 3612 ad
1134 3559 1155 3621 Ι,
1173 3561 1196 3621 1,
1214 3559 1307 3609 62.-

290 3661 362 3707 stat
380 3662 458 3708 ante
475 3672 597 3726 genas,
617 3659 643 3711 h.
661 3676 686 3712 e.
704 3659 932 3728 complutensem,
961 3661 1057 3711 eminet
1076 3661 1102 3712 iu
1120 3658 1211 3725 genis,
1229 3661 1309 3722 atque

291 3755 328 3806 ita
345 3753 458 3806 aduertit
475 3757 573 3809 uenies.
618 3758 735 3811 Plurimu
755 3759 824 3811 euim
851 3764 879 3810 et
904 3758 1049 3824 largissimo
1068 3757 1164 3809 rubore
1183 3768 1310 3807 verecun-

290 3854 339 3907 dus
358 3854 442 3924 pudor
458 3855 561 3923 obtegit
579 3874 660 3925 genus
677 3859 819 3924 iuveniles,
843 3876 875 3910 ac
893 3858 952 3910 talis
971 3858 1062 3924 plenus
1079 3865 1107 3909 et
1127 3858 1213 3922 largus
1231 3854 1310 3907 rubor

291 3961 346 4021 est,
375 3957 417 4024 qui
443 3973 510 4011 nnuc
528 3967 603 4009 sture
621 3958 717 4010 dicitur
740 3964 800 4010 aute
823 3973 912 4024 genas.
951 3956 1056 4008 Alienus
1075 3971 1138 4008 sero
1156 3930 1310 4008 Sonuecurs

288 4058 315 4108 iu
335 4056 464 4123 Antigona
483 4057 570 4108 incuss
592 4052 691 4125 Ἔρως,
715 4052 744 4112 ’ὅς
766 4058 791 4105 ἓν
817 4057 947 4113 μαλακαῖς
969 4067 1088 4126 παρειαῖς
1108 4054 1221 4111 νεάνιδος
1240 4057 1311 4104 irru-

285 4150 384 4219 χσύεις,
411 4157 444 4208 de
469 4159 565 4209 Amore
590 4161 693 4208 ruccteus
718 4155 743 4205 in
769 4153 842 4219 gerris
867 4155 1010 4221 puellarum
1036 4148 1196 4221 transigente
1214 4162 1311 4216 eaque
