3009 4725
895 384 1266 457 TIBULLI
1337 385 1506 456 LIB.
1547 386 1665 461 111.
1702 400 1757 458 3.
2266 396 2362 467 65

298 597 369 652 15
387 578 477 652 Et
525 598 812 648 nemora
865 571 939 644 in
996 570 1316 646 domibus
1370 596 1603 674 sacros
1655 570 1992 647 imitantia
2038 575 2228 651 lucos

483 704 921 808 Aurataeque
975 699 1204 773 trabes
1254 701 1849 802 marmoreumque
1901 702 2173 780 solum?

390 832 664 931 Quidve
714 831 787 902 in
840 828 1225 932 Erythraeo
1277 824 1527 924 legitur
1573 856 1746 928 quae
1791 828 1987 904 litore
2036 835 2297 909 concha

497 962 879 1056 Tinctaque
927 955 1217 1029 Sidonio
1270 955 1528 1028 murice
1581 955 1738 1029 lana
1791 959 2008 1047 iuvat,

390 1091 481 1162 Et
533 1113 707 1188 quae
757 1103 1099 1185 praeterea
1153 1082 1451 1182 populus
1498 1084 1835 1159 miratur?
1895 1088 1966 1160 in
2019 1090 2152 1165 illis

308 1234 385 1287 2ο
500 1214 765 1289 Invidia
821 1231 955 1287 est:
1022 1211 1194 1285 falso
1247 1211 1541 1311 plurima
1593 1213 1837 1312 vulgus
1891 1236 2088 1293 amat.

384 1346 544 1418 Non
598 1342 847 1443 opibus
901 1357 1163 1416 mentes
1213 1337 1572 1413 hominum
1627 1371 1964 1445 curaeque
2016 1345 2355 1429 levantur:

479 1476 655 1546 Nam
702 1473 1012 1545 Fortuna
1065 1497 1191 1542 sua
1244 1484 1552 1568 tempora
1604 1469 1751 1567 lege
1803 1474 1994 1571 regit.

390 1602 495 1675 Sit
541 1600 713 1674 mihi
762 1616 1136 1702 paupertas
1185 1613 1408 1670 tecum
1460 1598 1795 1690 iucunda,
1856 1602 2153 1678 Neaera:

493 1731 585 1803 At
635 1731 782 1803 sine
829 1746 895 1803 te
948 1755 1191 1826 regum
1243 1753 1528 1800 munera
1581 1726 1767 1801 nulla
1815 1730 1985 1804 volo.

251 1949 257 1956 .
310 1861 472 1934 250
525 1859 826 1948 niveam,
886 1887 1060 1960 quae
1108 1877 1171 1932 te
1218 1858 1468 1958 poterit
1515 1859 1683 1931 mihi
1732 1861 2049 1953 reddere,
2100 1864 2358 1944 lucem!

492 1990 557 2063 Ο
611 1989 780 2063 mihi
833 1987 1099 2062 felicem
1149 2007 1385 2089 terque
1440 2005 1813 2089 quaterque
1866 1990 2087 2064 diem!

391 2121 484 2194 At
531 2120 627 2211 si,
687 2149 816 2221 pro
869 2119 1053 2194 dulci
1107 2120 1332 2194 reditu
1387 2150 1832 2223 quaecunque
1882 2142 2244 2217 voventur,

488 2251 745 2325 Audiat
790 2278 1024 2324 aversa
1076 2279 1219 2323 non
1272 2280 1462 2325 meus
1516 2280 1676 2325 aure
1726 2252 1932 2341 dem,

392 2384 532 2455 Nec
578 2409 685 2454 me
739 2409 952 2479 regna
1006 2380 1239 2454 iuvant
1290 2409 1415 2455 nec
1465 2383 1727 2487 Lydius
1779 2384 2034 2458 aurifer
2087 2389 2304 2462 amnis

323 2526 396 2580 30
502 2511 644 2581 Nec
692 2538 859 2604 quas
910 2528 1242 2582 terrarum
1300 2512 1588 2584 sustinet
1638 2512 1825 2585 orbis
1877 2542 2059 2613 opes.

402 2641 586 2709 Ilaec
642 2637 750 2709 alii
811 2641 1111 2733 eripiatur,
1175 2638 1373 2712 liceat
1422 2638 1591 2711 mihi
1647 2667 1946 2739 paupere
1993 2644 2177 2716 cultu

502 2769 759 2837 Securo
811 2797 963 2837 cara
1019 2767 1306 2865 coniuge
1357 2793 1559 2867 posse
1609 2766 1766 2839 frui.

398 2897 602 2970 Adsis
658 2917 718 2970 et
775 2897 1027 2970 timidis
1087 2897 1345 2987 faveas,
1408 2897 1767 2989 Saturnia,
1831 2896 2036 2981 votis,

494 3030 574 3098 Et
630 3030 855 3098 sart-35
911 3030 1207 3116 concha,
1267 3027 1555 3130 Cypria,
1614 3043 1799 3101 vecta
1852 3044 1986 3099 tua.

318 3168 394 3224 35
414 3158 550 3230 Aut
602 3158 654 3230 si
710 3158 847 3230 fata
903 3174 1156 3254 neg-:unt
1207 3156 1498 3229 reditum
1548 3157 1904 3255 tristesque
1956 3180 2261 3238 sororem,

510 3285 814 3358 Stamina
867 3312 1042 3385 quae
1097 3285 1362 3359 ducunt
1412 3313 1720 3386 quaeque
1775 3285 2001 3358 futura
2056 3301 2302 3368 neunt,

464 3462 532 3517 V.
559 3465 650 3513 22.
698 3462 844 3515 Libri
891 3463 1128 3530 plerique
1176 3467 1231 3514 et
1278 3462 1459 3532 optimi
1504 3453 1676 3532 gem,
1722 3462 1875 3513 etiam
1914 3459 2178 3530 Excerpta
2226 3460 2361 3513 rm-

323 3565 637 3605 mwnmu.
737 3552 977 3604 Puccms
1026 3559 1082 3604 et
1138 3552 1547 3620 pauciscodices
1598 3549 1854 3602 inferioris
1904 3550 2096 3603 ordinis
2145 3550 2363 3616 regit,

250 3667 255 3671 ·
323 3638 462 3704 quod
511 3653 722 3704 verum,
789 3638 948 3706 idque
993 3639 1306 3706 Munna-us,
1373 3641 1693 3704 Senmet,
1760 3637 2053 3705 Hermus,
2119 3640 2367 3701 Vossius,

324 3724 676 3792 nuncnunc,
731 3729 1075 3781 Gonnum
1121 3730 1517 3798 amplectuntur.

467 3817 531 3870 V.
551 3822 642 3872 29.
688 3819 936 3871 iuvant
971 3822 1149 3889 optimi
1200 3820 1316 3872 iibri
1353 3825 1409 3873 et
1446 3820 1812 3873 Vuwmvrmn.
1882 3819 2118 3871 Puecms
2158 3815 2366 3872 iuvent.

326 3905 464 3969 quod
499 3907 586 3958 alii
628 3914 938 3973 sequuntur.
1014 3909 1168 3963 Conf.
1203 3925 1360 3976 supra
1395 3908 1452 3974 1,
1486 3912 1554 3973 8,
1587 3911 1676 3960 39.

466 3997 532 4049 V.
557 4002 649 4051 36.
717 4007 938 4053 neunt
986 4002 1102 4055 libri
1151 4008 1411 4068 corrupte.
1498 4009 1705 4051 canunt
1752 4000 1909 4064 vulgo
1959 3995 2026 4048 de
2074 3995 2368 4047 coniectura

325 4080 571 4138 Eunu.
644 4084 884 4138 Coniicio
918 4099 1134 4159 regunt.

1707 4185 1749 4247 5
