3009 4725
478 411 664 487 TlBULLl
697 412 783 486 LlB.
803 414 828 489 l.
847 428 873 486 4.

201 608 248 680 At
271 606 300 679 si
326 600 448 675 tardus
475 602 559 689 eris,
592 598 739 674 errabis:
779 601 919 675 transiet
945 620 1045 677 aetas.

257 734 372 832 Quam
401 731 468 806 cito
494 758 565 804 non
589 729 703 828 segnis
725 745 792 803 stat
816 748 1008 833 remeatque
1030 733 1122 807 dies!

208 864 322 962 Quam
347 861 415 935 cito
440 885 636 962 purpureos
659 857 817 959 deperdit
839 878 929 935 terra
955 861 1103 954 colores,

166 1013 204 1068 30
264 997 381 1086 Quam
405 990 472 1063 cito
493 989 664 1062 formosas
690 987 839 1089 populus
863 988 941 1064 alba
967 997 1097 1068 comas!

210 1120 325 1217 Quam
348 1120 450 1207 iacet,
476 1116 630 1190 infirmae
656 1144 778 1190 venere
799 1118 859 1192 ubi
884 1120 953 1194 fata
974 1141 1144 1212 senectae,

268 1248 338 1347 Qui
362 1249 459 1350 prior
482 1248 566 1322 Eleo
591 1262 641 1319 est
665 1274 798 1320 carcere
822 1248 945 1324 missus
971 1256 1097 1353 equus!

208 1379 286 1457 Vidi
311 1380 379 1453 iam
407 1380 584 1468 invenem,
616 1395 786 1478 premeret
810 1407 886 1452 cum
913 1382 1022 1457 serior
1046 1401 1155 1474 aetas,

259 1511 468 1585 Maerentem
493 1506 615 1582 stultos
638 1506 851 1608 praeteriisse
878 1509 959 1584 dies.

169 1638 375 1714 &Crudeles
400 1639 487 1713 divit
526 1664 668 1738 serpens
690 1664 799 1710 novus
826 1639 916 1712 exuit
939 1668 1066 1716 anuos:

260 1769 403 1842 Formae
427 1797 499 1841 nou
525 1766 630 1840 uliam
657 1765 727 1840 fata
753 1766 878 1841 dedere
902 1797 1042 1843 moram.

213 1897 303 1972 sotis
328 1916 465 1972 aeterua
488 1916 538 1971 est
559 1897 702 1972 Phoebo
725 1898 930 1997 Bacchoque
950 1900 1102 1974 iuventa:

259 2029 346 2100 Nam
372 2027 470 2102 decet
493 2028 649 2101 intonsus
676 2025 779 2101 crinis
806 2044 988 2128 utrumque
1008 2027 1118 2102 deum.

207 2161 276 2249 Tu,
311 2186 419 2260 puero
441 2158 672 2260 quodcunque
695 2175 753 2232 tno
780 2174 909 2232 tentare
930 2156 1068 2248 libebit,

168 2304 205 2362 4ο
264 2288 390 2364 Cedas:
427 2288 594 2391 obsequio
616 2286 764 2390 plurima
789 2287 894 2362 vincit
919 2316 1024 2362 annor.

206 2421 281 2493 Neu
307 2448 418 2495 comes
444 2421 494 2493 ire
520 2446 642 2518 neges,
668 2421 823 2521 quamvis
844 2420 898 2495 via
924 2420 1026 2520 longa
1047 2441 1186 2524 paretur

264 2549 309 2622 Et
331 2551 431 2623 Canis
456 2549 565 2623 arenti
590 2567 717 2624 torreat
739 2578 818 2624 arva
842 2551 916 2639 siti,

215 2677 380 2776 Quamvis
403 2697 598 2779 praetexens
625 2679 720 2780 picea
745 2678 921 2777 ferrugine
947 2678 1076 2752 eaelum

261 2810 447 2880 Venturam
473 2807 629 2882 admittat
652 2807 809 2881 imbrifer
834 2834 933 2880 arcus
960 2833 1101 2906 aquam:

165 2936 274 3011 4⁶Vel
298 2936 327 3011 si
354 2937 525 3012 caeruleas
552 2938 661 3040 puppi
687 2936 775 3011 volet
800 2936 849 3011 ire.
871 2963 933 3037 per
956 2932 1087 3020 undas,

256 3069 333 3167 lpse
359 3066 465 3141 levem
490 3095 585 3142 remo
610 3096 674 3169 per
697 3068 782 3141 freta
808 3063 894 3168 pelle
916 3081 1034 3137 ratem.

241 3287 328 3341 ΗΥ.
347 3288 496 3341 transiet
513 3295 620 3342 setas.
656 3287 697 3340 lta
714 3286 772 3340 libri
791 3284 881 3353 optimi
898 3288 976 3351 atque
994 3282 1185 3351 interpungitns

167 3388 332 3452 postestas.
368 3386 513 3455 Adscripsit
529 3386 736 3451 Laenuasnusa
761 3384 896 3436 Hsrnsrus
921 3379 1050 3432 “transiit
1073 3396 1096 3433 v.
1114 3398 1138 3435 c.
1154 3381 1186 3436 F.

167 3478 193 3534 b.
206 3497 230 3533 e.
253 3486 329 3534 setus
353 3482 437 3536 codex
462 3483 531 3551 apud
554 3483 772 3549 Fatcoburgium‚
801 3483 845 3548 qui
870 3495 917 3531 sus
939 3478 1047 3548 sumpsit
1071 3495 1087 3532 a
1114 3479 1187 3531 Luca

167 3578 315 3635 Frutsrio.’¹
358 3579 402 3633 Ex
419 3579 469 3633 bae
487 3581 570 3647 bons,
595 3587 624 3633 ut
641 3582 758 3645 uidetur,
783 3577 961 3633 emendatione
979 3580 1058 3645 vulgo
1076 3578 1187 3647 probata

167 3679 373 3747 interpungiturs
398 3681 501 3732 transiit
521 3687 593 3732 aetas
611 3695 688 3745 quam
712 3679 781 3730 cito!
799 3705 834 3716 -
871 3677 903 3731 V.
914 3679 957 3731 28.
978 3683 1188 3744 remeatque.

168 3776 256 3843 Vulgo
265 3779 332 3830 maie
341 3786 473 3828 remeasse
483 3778 516 3831 de
526 3780 672 3831 coniectura
680 3776 788 3833 Heinsii,
799 3777 895 3828 reiecta
906 3777 982 3828 etiam
992 3777 1026 3827 ab
1033 3775 1187 3829 Huscnxso.

239 3895 272 3948 V.
287 3899 333 3948 st.
368 3892 513 3949 Phoebo
541 3893 758 3962 bacchoque.
812 3894 863 3946 stit
890 3891 998 3944 Baccho
1022 3888 1189 3961 Phoeboque,

166 3991 237 4061 quod
259 4008 311 4046 non
337 4001 379 4047 est
402 3993 571 4062 probandum.

238 4109 272 4164 V.
282 4113 326 4163 44.
350 4110 511 4179 imbrifer
535 4113 602 4167 libri.
644 4111 768 4165 Heinsius
789 4107 930 4179 nimbriser
954 4106 1106 4161 emendavit.
