3009 4725
301 418 342 482 at
535 411 817 480 COMMENTAR.
839 416 884 479 ΙΝ
906 417 1080 482 TlBULLl

302 589 415 644 assiduo
430 585 499 640 collo
514 595 676 655 premuntur
694 604 779 662 aqua,
816 591 882 646 hdd.
906 592 1047 645 Pnoensu.
1066 592 1100 657 Π,
1121 595 1146 658 l,
1164 596 1200 646 ot
1209 613 1216 646 r
1235 592 1318 664 Dqlr'o

300 687 429 761 virgineis
451 686 520 737 idem
537 683 583 737 tlte
602 685 742 754 repleserr't
762 689 852 746 urnis,
877 709 909 740 ne
928 699 1019 742 tenera
1034 688 1147 742 assidua
1163 689 1233 740 colla
1248 709 1317 761 grc-

300 796 400 838 ventur
422 801 505 857 αμα.
542 785 595 842 eni
615 785 666 837 loci
691 787 755 839 satia
780 785 890 854 probant
908 795 981 840 recte
1005 803 1052 840 nos
1073 787 1204 856 explicare
1221 785 1316 840 Tibul-

300 888 362 939 lum.
399 885 462 951 Agit
479 899 541 937 vero
565 883 608 938 hic
625 899 708 951 nunc,
732 889 763 936 ut
780 884 851 951 dixi,
878 886 979 939 leniter.
1014 885 1080 937 Nam
1101 889 1192 953 aperte
1210 883 1315 952 quidem

216 1007 224 1014 ·
300 1002 351 1040 uon
376 986 506 1053 eloquitur
523 983 585 1050 quid
603 982 642 1036 his
660 984 740 1049 velit,
764 989 794 1037 ut
809 986 835 1037 in
853 985 908 1037 miti
926 983 1118 1048 cohortatione,
1145 983 1211 1035 dixit
1227 989 1314 1036 tamen

299 1088 422 1151 qnantum
439 1081 474 1134 ad
491 1079 686 1148 intelligendum
703 1083 775 1135 sutir.
811 1080 878 1136 Vide
896 1082 964 1134 enlm
981 1096 1050 1136 nuno
1067 1082 1201 1149 sequentia
1219 1082 1313 1135 verbra

298 1183 341 1236 Ar
358 1187 393 1235 tu
411 1184 521 1245 casta,
539 1194 678 1249 precor,
699 1193 849 1244 maneas,
868 1194 936 1246 qnae
954 1178 1005 1258 huc
1022 1181 1153 1249 pertinent
1170 1178 1314 1245 manifesto,

298 1284 360 1336 licet
376 1280 468 1335 eadem
485 1280 560 1333 simul
579 1278 612 1333 ad
628 1281 746 1334 ultimam
763 1286 863 1350 partem
878 1280 999 1335 carminis
1013 1281 1150 1334 transitum
1165 1279 1314 1350 praebeant,

270 1441 276 1452 ,
299 1397 366 1450 quae
383 1381 439 1456 solp
457 1381 507 1433 iarn
525 1384 607 1431 restat
626 1376 776 1432 enarranda.

369 1478 517 1534 tea-sm
542 1479 628 1533 finem.
670 1478 808 1546 Exitus.
845 1479 985 1534 Oblitus
1009 1478 1200 1549 pericnlum
1226 1491 1312 1531 mor·

297 1578 356 1639 tis,
373 1576 510 1630 reditus
528 1592 620 1645 spem
638 1578 811 1647 concipit,
830 1579 995 1646 illumque
1013 1577 1100 1631 diem
1115 1578 1223 1630 animo
1238 1591 1314 1644 pro-

296 1677 407 1746 ponit,
434 1675 491 1728 nbi
518 1676 658 1744 primurn
686 1676 823 1728 intrans
850 1676 974 1729 Deliae
1004 1675 1148 1741 domam,
1177 1676 1313 1729 obviam

297 1789 367 1829 eam
390 1780 584 1829 currentem
609 1770 794 1826 habiturus
817 1775 872 1828 sit.
891 1801 927 1815 -

367 1874 401 1928 V.
419 1878 454 1926 83
468 1889 525 1940 sqq
562 1871 720 1925 Observabis
734 1873 773 1926 sic
788 1874 869 1926 veniri
882 1874 915 1926 ab
929 1874 1098 1928 antecedente
1114 1874 1172 1928 loco
1184 1874 1219 1928 ad
1235 1874 1310 1941 hunc,

292 1979 323 2028 ut
340 1974 383 2028 vix
400 1973 617 2026 animadvertatur
634 1973 766 2026 transitus.
803 1974 882 2030 Quod
900 1971 942 2028 hie
959 1974 1063 2042 quidem
1079 1975 1196 2026 consulto
1214 1974 1308 2026 tactum

293 2072 407 2143 optime,
439 2071 484 2124 ubi
512 2070 597 2124 missis
628 2071 735 2124 infernis
766 2072 845 2124 rebus
875 2072 1002 2138 cogitatio
1032 2078 1125 2139 poetae
1152 2074 1225 2138 quasi
1250 2072 1307 2138 ipsa

291 2170 410 2225 nesciens
427 2169 460 2224 ad
479 2171 547 2223 vitae
570 2187 643 2241 spem
661 2171 790 2223 redit-
821 2177 932 2236 easta,
958 2173 1031 2238 quasi
1048 2171 1074 2222 in
1093 2170 1227 2237 coningio,
1254 2185 1307 2222 uno

290 2287 333 2326 me
350 2273 406 2324 viro
423 2276 551 2324 contenta.
587 2270 637 2324 Est
656 2271 724 2323 eninr
741 2271 848 2322 castitas
866 2269 1055 2333 libertinarum,
1080 2284 1147 2334 qnae
1165 2268 1209 2322 uni
1232 2284 1305 2322 ama-

291 2373 342 2426 tori
360 2372 451 2438 tidelis,
468 2374 540 2424 velat
555 2371 577 2437 l,
594 2375 620 2436 6,
638 2374 682 2424 ot.
701 2394 737 2407 -
759 2371 888 2433 sancti,
905 2384 958 2421 non
975 2367 1134 2437 profanandi.
1152 2396 1188 2408 —
1212 2384 1304 2435 auus,

289 2476 373 2525 mater
390 2470 489 2536 Deliae,
508 2469 541 2523 cl.
559 2470 580 2535 l,
595 2473 620 2535 o,
638 2473 728 2521 tri.-
747 2469 839 2523 liaeo
856 2469 924 2523 tibi
942 2468 1097 2521 fabellas
1114 2467 1258 2535 referat,
1274 2476 1306 2523 ut

289 2572 320 2624 lit
338 2572 406 2623 inter
421 2572 550 2636 mulieres,
566 2569 600 2624 ci.
612 2571 693 2623 Otr».
705 2570 772 2625 Met.
782 2570 829 2637 lv,
839 2573 882 2622 40.
901 2569 1014 2623 Vrnorn.
1030 2569 1129 2636 Georg.
1141 2568 1305 2635 1V,ers.-

290 2671 407 2740 posits
423 2664 582 2739 lu'cerna,
601 2671 627 2726 b.
641 2687 664 2726 e.
682 2674 809 2741 apposite.
846 2670 953 2724 Confert
967 2646 1090 2725 Venetus
1106 2670 1182 2724 Ouid.
1197 2670 1304 2723 Heroid.

288 2769 362 2836 xlx,
382 2774 448 2825 1512
474 2772 591 2823 sternuit
616 2780 643 2823 et
664 2770 753 2823 lumen
760 2792 770 2833 ,-
792 2772 883 2841 posito
901 2790 964 2824 nem
981 2769 1121 2834 scribimus
1138 2769 1194 2823 itto.
1230 2770 1303 2823 Adde

286 2867 428 2922 Prorsus.
444 2869 479 2935 ll,
498 2873 540 2934 15,
558 2873 585 2921 3.
629 2867 753 2922 Ceterum
777 2876 886 2937 apparet
910 2886 944 2923 ex
962 2867 1002 2922 hir
1018 2870 1104 2922 verbis
1120 2876 1236 2924 extrema
1257 2884 1303 2923 ae·

286 2972 355 3021 state
379 2973 407 3020 et
430 2967 479 3022 sub
503 2966 634 3020 auctumni
658 2966 761 3017 initium
778 2982 883 3020 carmen
900 2969 1023 3037 scriptum
1042 2984 1114 3034 esse,
1140 2969 1238 3037 optime
1255 2983 1303 3021 no·

290 3073 361 3121 tante
374 3069 484 3135 Vossro,
501 3068 546 3134 qui
564 3058 847 3119 annotationem‘snam
866 3065 899 3120 ad
913 3068 1026 3121 Vrnurs.
1040 3070 1137 3135 Georg.
1148 3069 1169 3134 1,
1181 3068 1232 3121 291
1245 3083 1300 3135 sqq.

286 3168 385 3223 laudat.
422 3150 537 3236 Coeptos
551 3164 584 3219 ad
603 3166 699 3219 lumina
716 3166 819 3219 labores
839 3175 897 3236 post
915 3167 1065 3222 Volcanalia
1081 3167 1105 3219 d.
1123 3166 1225 3219 xxllr
1233 3170 1301 3234 Aug.

285 3275 359 3335 aota3
377 3268 470 3335 quodsi
489 3266 561 3320 Maio
579 3281 668 3319 mense
686 3272 746 3335 post
764 3275 849 3321 ortum
868 3267 1003 3321 Pleiadum
1021 3270 1047 3321 in
1064 3267 1150 3319 Asiam
1169 3267 1301 3335 proiectus

285 3374 355 3422 esset
372 3368 502 3435 Messala,
528 3384 579 3422 uon
604 3369 720 3436 potuisse
744 3368 777 3421 ad
795 3370 925 3422 lucernam
950 3369 1083 3422 sedentem
1101 3368 1202 3421 Deliam
1220 3383 1235 3420 a
1252 3367 1301 3418 Ti·

284 3465 356 3516 bullo
374 3481 477 3519 reverso
496 3466 661 3537 deprehendi.
679 3490 716 3505 -—·
734 3466 854 3535 longa,
873 3475 904 3521 ut
921 3467 950 3521 fit
968 3467 1060 3521 sedulo
1077 3468 1104 3519 iu
1122 3464 1209 3537 opere.
1245 3464 1300 3516 De·

282 3563 374 3616 scribit
391 3566 457 3618 enim
476 3569 577 3632 qualem
595 3574 691 3622 statum
711 3585 798 3621 rerum
816 3565 1010 3638 deprehendere
1035 3568 1128 3638 cupiat.
1159 3544 1206 3619 'Ne
1224 3564 1298 3618 extra

281 3660 386 3715 domum
405 3661 439 3713 sit
456 3664 546 3730 Delia,
564 3667 617 3733 ait,
635 3667 682 3721 sed
700 3668 843 3722 domestico
860 3670 886 3721 in
908 3685 988 3738 opere
1008 3674 1035 3721 et
1052 3682 1170 3722 sermone
1187 3666 1299 3720 sedeatis

280 3762 313 3817 ad
332 3766 473 3831 lucernam,
491 3766 528 3818 uti
547 3770 632 3837 placet
649 3770 684 3843 in‘
693 3768 852 3825 mulieribus.
888 3769 1017 3840 compara
1032 3785 1137 3827 suavem
1155 3770 1240 3821 locum
1255 3782 1298 3837 ap.

278 3862 409 3937 'l'snursm
435 3862 615 3921 Heautontim.
639 3867 674 3933 11,
699 3871 725 3933 3,
746 3871 782 3920 39
801 3884 858 3936 sqq.
882 3882 1036 3934 quamquam
1061 3884 1124 3923 non-
1137 3867 1216 3922 credo
1241 3882 1299 3921 cum

277 3962 424 4018 Horonrrro
442 3980 476 4019 ex
493 3966 537 4020 illa
556 3966 692 4035 Menaqdrl
716 3966 890 4037 descriptione
907 3966 1041 4022 Tibullum
1059 3984 1107 4021 sua
1125 3967 1248 4021 hausisse.
1264 3994 1299 4006 -

277 4062 353 4116 VM
364 4082 420 4132 sqq.
438 4069 533 4119 circa
548 4066 582 4121 de
597 4048 706 4121 sedente
723 4082 773 4120 uua
787 4084 835 4123 nec
850 4074 928 4122 eunte
940 4068 1033 4122 ancilla
1051 4067 1148 4121 dietum
1162 4084 1229 4133 esse,
1247 4083 1299 4121 non

275 4158 388 4232 debehat
407 4165 431 4217 in
449 4171 560 4218 mentem
579 4165 667 4219 venire
684 4152 812 4234 cuiquam
848 4169 933 4222 ilecto
949 4174 1037 4225 monet
1054 4166 1296 4222 Wuunsanrourns
