3009 4725
311 433 376 476 axx
719 407 778 472 DE
801 402 923 472 POESI

315 608 384 649 eam
404 588 429 665 1,
451 588 482 665 4,
498 590 536 648 st
555 604 624 669 sqq.
647 590 678 662 5,
701 588 741 647 67
761 604 830 669 sqq.
852 592 883 663 8,
899 589 938 647 67
954 604 1024 669 sqq.
1045 584 1086 662 11,
1107 583 1137 661 4,
1158 586 1197 646 51
1214 562 1337 665 1111,

314 705 353 763 41
378 722 448 785 sqq.
476 701 531 778 IV,
554 706 605 778 13,
628 704 667 762 17
691 719 762 784 sqq.
804 699 928 781 Nempe
950 700 1051 762 exitus
1073 695 1202 761 carnaini
1221 705 1274 758 aut
1295 695 1337 759 si·

315 814 399 878 milis
428 816 605 898 imponitur
635 814 810 894 principio,
846 816 911 876 siva
947 821 1109 892 repetatur
1139 807 1339 891 principium,

315 928 383 992 sive
406 930 467 992 alia
490 928 643 994 sententia
661 915 842 988 conformis
854 921 980 985 claudat
999 934 1111 1002 tottam,
1130 957 1175 972 -
1193 922 1294 987 veluti
1312 924 1339 985 si

314 1044 424 1108 landes
451 1045 487 1107 in
513 1056 621 1106 votmn
652 1051 766 1102 exeant
795 1049 832 1099 ut
859 1057 944 1103 nora
973 1035 1087 1101 deeora
1111 1038 1257 1114 veniant,
1285 1045 1340 1098 aut

317 1157 516 1241 querimonia
536 1154 571 1215 in
589 1171 699 1235 preces
722 1163 758 1214 ut
778 1162 878 1213 cesset
900 1148 988 1233 quod
1008 1151 1162 1233 queraris,
1182 1150 1237 1213 fiat
1253 1146 1340 1232 quod

317 1273 441 1354 cupias,
467 1279 587 1330 —aut
610 1286 677 1330 non
699 1266 872 1330 estsimilis
894 1265 1070 1348 principio,
1099 1263 1156 1330 sed
1176 1263 1340 1340 dissimilis,

318 1384 502 1462 contrarius,
528 1383 585 1466 qui
604 1403 664 1465 per
683 1385 891 1448 mutationem
909 1382 1080 1447 sententiae
1099 1380 1265 1444 adducitur
1285 1382 1341 1443 ab·

316 1514 411 1580 rupto
438 1498 547 1581 priore
569 1519 664 1562 cursu
684 1520 803 1563 rerum.
852 1498 903 1564 Sic
925 1498 981 1562 ubi
1002 1498 1132 1583 querela
1152 1508 1262 1576 regnat
1283 1517 1342 1577 per

319 1613 466 1694 elegiam,
488 1614 698 1700 tranquillitas
719 1615 916 1695 invenietur,
937 1617 965 1678 si
984 1626 1085 1677 mutet
1105 1611 1290 1675 sententiam
1310 1627 1343 1674 at

318 1725 378 1790 alia
399 1728 531 1796 meliora
554 1748 682 1812 sperare
703 1729 833 1812 incipiat
853 1740 957 1811 poeta.
1008 1730 1113 1811 Atque
1136 1736 1172 1787 ut
1197 1723 1259 1786 alia
1284 1743 1343 1806 pc·

317 1860 407 1915 uam,
428 1840 469 1919 Π,
491 1842 521 1922 4,
543 1847 596 1905 51.
623 1844 690 1906 irae
713 1842 859 1906 carminis
884 1841 1041 1905 finiuntur
1065 1843 1127 1919 sic,
1157 1850 1193 1902 ut
1212 1850 1344 1920 repente

317 1970 436 2022 mutata
461 1959 616 2022 cantantia
638 1980 671 2022 sa
694 1960 859 2023 submittat
881 1959 1027 2023 Tibullus
1047 1954 1205 2024 voluntati
1224 1952 1343 2015 Ncme-

318 2071 371 2134 sis.
414 2073 456 2135 At
476 2072 515 2151 11,
538 2078 569 2150 6,
590 2076 642 2136 41.
662 2087 736 2153 post
757 2074 933 2156 querelam,
962 2068 1201 2133 obtestationem
1224 2064 1344 2142 gravis·

318 2186 430 2247 simam
457 2196 588 2263 repente
616 2183 739 2244 inhibet
769 2202 911 2257 cursum,
943 2191 1072 2240 excusat
1098 2178 1235 2258 puellam
1257 2188 1288 2237 et
1307 2176 1343 2238 in

316 2298 421 2359 lenam
446 2298 571 2377 culpam
592 2314 717 2358 omnem
739 2294 849 2356 reiicit.
891 2293 962 2354 Alio
983 2294 1054 2354 loco
1075 2292 1132 2371 IV,
1149 2296 1200 2368 13,
1217 2296 1256 2353 17
1272 2310 1342 2376 sqq.

318 2414 374 2475 ubi
403 2435 436 2477 se
463 2410 569 2475 multis
597 2411 703 2474 verbis
723 2412 759 2473 in
786 2423 974 2494 perpetuum
996 2407 1152 2473 addictum
1175 2410 1343 2475 affirmarit

318 2524 443 2601 amicae,
464 2536 595 2606 repente
614 2546 653 2588 ex
676 2526 791 2589 affectu
808 2524 849 2587 ad
867 2545 900 2588 se
920 2524 1003 2587 redit
1022 2524 1193 2608 (quidsacs'o
1206 2521 1342 2608 dancus),

317 2639 409 2721 quasi
423 2636 644 2721 imprudenter
661 2638 787 2721 prodito
806 2637 927 2715 ardore,
950 2637 1105 2721 siquidem
1124 2640 1232 2720 puella
1247 2659 1342 2717 nune,

318 2774 427 2816 secura
450 2754 566 2816 ausoris
587 2754 637 2815 sui
644 2798 655 2831 ,
684 2754 792 2816 futura
819 2754 857 2816 sit
882 2750 1015 2817 difficilis
1040 2765 1071 2815 et
1091 2754 1237 2835 superba.
1281 2752 1344 2816 Sed

316 2867 370 2931 vel
392 2869 435 2930 sic
458 2868 502 2931 ait
522 2887 556 2930 sc
577 2887 763 2932 mansurum
784 2866 818 2927 in
840 2863 902 2928 fide
924 2878 956 2927 et
976 2866 1160 2929 constantia.
1202 2866 1343 2928 Marinae

318 3002 396 3047 vero
419 2982 543 3047 numa
564 2957 743 3062 eampum
764 2981 812 3043 ru
830 2980 874 3050 nn
905 2981 996 3043 terna
1021 2981 1118 3062 nega
1144 2983 1220 3044 mu
1247 2984 1343 3065 pum

322 3111 433 3176 exstat,
454 3099 511 3161 ubi
525 3109 597 3179 post
613 3094 773 3160 dimidiam
791 3108 915 3177 partam
932 3099 1077 3161 carminis
1097 3096 1259 3181 paullatim
1273 3122 1343 3163 mu·

317 3223 404 3274 tatur
424 3212 518 3275 facies
538 3231 663 3288 rerum,
692 3224 725 3275 et
751 3226 824 3295 post
844 3214 1054 3277 tristissimum
1074 3215 1200 3281 initium
1226 3215 1258 3276 in
1279 3216 1342 3278 fine

316 3324 504 3389 laetissimus
520 3325 622 3388 exitus
637 3326 782 3391 habetur.
826 3326 936 3389 Discus
953 3327 1047 3391 simul
1063 3349 1104 3391 ex
1121 3329 1219 3392 allatis
1235 3348 1342 3391 exem·

318 3439 379 3520 plis
398 3459 464 3502 non
486 3440 563 3503 oriri
578 3441 752 3504 mutatione
775 3424 947 3504 sententiae
967 3462 1075 3505 reram
1095 3445 1342 3526 repugnantiam,

319 3575 402 3638 quae
423 3557 575 3620 unitatem
596 3555 742 3618 carminis
759 3561 858 3636 tollat,
882 3556 938 3621 sed
952 3556 1064 3621 adduci
1083 3559 1175 3621 etiam
1187 3559 1239 3622 'sic
1257 3578 1343 3621 com·

319 3642 450 3734 modum
477 3671 582 3735 finam.
632 3670 759 3735 Prolata
782 3673 841 3735 ista
863 3672 896 3734 ri
925 3693 1048 3750 rerum,
1077 3692 1158 3756 quae
1183 3672 1343 3753 implebat,

317 3787 450 3865 urgebat
469 3797 585 3866 peetus,
608 3805 805 3870 consequens
820 3798 887 3849 erat
902 3800 939 3851 ut
959 3786 1077 3849 rediret
1097 3785 1137 3850 ad
1157 3808 1191 3850 se
1212 3788 1343 3864 animus,

318 3897 582 3984 succederentque
605 3904 682 3964 tales
708 3920 837 3979 sensus,
865 3902 901 3963 in
929 3903 1046 3984 quibos
1068 3902 1193 3966 tandem
1218 3902 1342 3984 acquie-

319 4035 405 4077 scere
428 4015 553 4091 liceret3
577 4036 676 4098 quare
697 4017 764 4097 ipsa
788 4029 900 4078 natura
921 4028 1046 4096 poetam
1065 4018 1099 4076 in
1124 4018 1229 4079 multis
1250 4036 1341 4094 argu·

317 4128 431 4191 mentis
456 4125 495 4190 ad
525 4130 581 4192 has
608 4131 798 4194 urutationes
826 4130 997 4193 sententiae
1025 4129 1167 4192 ducebat.
1217 4127 1279 4191 Sed
1306 4144 1342 4195 ut
