3009 4725
298 374 376 450 -48
631 373 816 450 TIBULLl
850 376 934 450 Llu
953 378 994 451 ll.
1014 394 1040 450 3.

362 560 410 636 At
430 559 493 636 ribi
509 559 597 635 dura
611 559 724 652 Ceres,
749 562 921 640 Nemesim
937 592 1023 666 quae
1040 563 1182 640 abducis
1194 567 1238 640 ab
1246 569 1349 659 urbe,

413 687 589 765 Persolvut
614 688 709 764 nulla
735 693 981 768 seminalem
1008 692 1085 774 fide.

366 817 410 894 Et
432 836 488 908 tu,
522 818 658 895 Bocche
684 837 798 910 tener,
832 822 1003 896 iucundae
1023 823 1175 898 consitor
1200 853 1304 916 uvae,

421 948 476 1021 Tu
502 976 640 1050 quoque
667 947 828 1040 devotos,
856 950 1012 1041 Bacche,
1043 951 1198 1054 relinque
1223 952 1326 1029 lacus.

324 1075 473 1154 &Haud
497 1079 637 1179 impune
663 1076 742 1154 licet
767 1078 937 1156 formosae
963 1080 1117 1156 tristibus
1145 1084 1237 1182 agris

417 1206 577 1286 Abdere:
611 1235 683 1281 nou
709 1207 795 1282 tanti
821 1226 903 1284 sunt
927 1228 985 1284 tua
1010 1228 1142 1301 musta,
1177 1228 1283 1313 puter.

364 1336 396 1411 0
423 1336 556 1414 valeant
580 1336 717 1436 fruges,
749 1349 795 1413 ue
819 1340 889 1414 sint
912 1340 1018 1416 modo
1047 1369 1126 1416 rure
1153 1343 1304 1444 puellae:

361 1543 370 1558 ‚
420 1466 534 1544 Glauu
556 1464 643 1557 alut,
672 1484 705 1542 et
727 1467 844 1569 prisoo
867 1497 963 1545 more
984 1470 1150 1545 bibantur
1176 1499 1294 1573 aquae.

368 1593 477 1670 Glans
504 1594 588 1670 aluit
612 1613 760 1686 veteres,
786 1616 819 1672 et
843 1599 972 1699 possim
996 1628 1133 1700 semper
1157 1618 1333 1676 amarunt:

323 1744 361 1798 70
421 1723 519 1823 Quid
544 1726 664 1802 nocuit
687 1725 802 1804 sulcos
828 1755 900 1802 uon
926 1727 1087 1803 habuisse
1114 1731 1228 1803 satos?

366 1855 476 1944 Tum,
509 1855 636 1957 quibus
662 1856 838 1957 aspirabat
861 1857 988 1948 Amor,
1022 1859 1208 1960 praebebat
1234 1878 1347 1961 aperte

416 1983 512 2058 Mitis
535 1984 573 2058 iu
598 1985 764 2062 umbrosa
787 1986 916 2085 gaudia
936 1987 1022 2061 valle
1044 1993 1170 2062 Venus.

364 2112 486 2188 Nullus
513 2132 586 2188 erat
610 2133 743 2206 custos,
778 2115 873 2190 nulla
899 2115 1074 2196 exclusura
1102 2114 1253 2186 dolentes

411 2246 538 2318 lanua:
571 2245 601 2324 si
627 2245 680 2319 fus
707 2262 775 2334 est,
808 2271 882 2317 mos
908 2270 1032 2343 precor
1055 2241 1112 2314 ille
1137 2241 1222 2315 redi.

322 2391 360 2449 75

413 2503 563 2577 Horrida
588 2499 707 2575 uillosa
733 2527 879 2601 corpora
905 2516 994 2573 veste
1021 2517 1145 2599 tegant.

370 2634 469 2707 Nunc
495 2633 526 2706 si
548 2630 664 2708 clurua
688 2648 859 2721 mereat,
891 2630 921 2704 si
946 2629 1045 2731 eopia
1067 2658 1146 2704 rara
1169 2628 1326 2719 videndi,

417 2766 494 2839 Heu
514 2763 697 2853 miserum,
729 2761 841 2836 laxam
867 2759 954 2861 quid
978 2759 1072 2845 iuvat
1098 2789 1171 2837 esse
1195 2761 1334 2859 togam?

363 2895 504 2967 Ducite:
529 2893 574 2966 ud
600 2893 783 2994 imperium
807 2889 966 2963 dominae
992 2888 1201 2965 sulcabimus
1225 2917 1345 2991 egros:

324 3042 362 3097 80
420 3023 499 3096 Non
527 3050 591 3122 ego
616 3048 671 3097 me
692 3019 813 3093 vinclis
839 3018 1107 3121 verberibusque
1133 3047 1231 3119 nego.

395 3371 485 3426 Ml.
509 3369 620 3423 Ceres
644 3370 722 3438 vulgo
749 3368 783 3423 de
806 3369 954 3423 coniectura
979 3370 1102 3424 Hrrueu,
1146 3366 1240 3451 Lectio
1263 3382 1346 3436 seges.

325 3466 393 3521 Tum
418 3466 515 3522 hubent
538 3467 599 3523 libri
624 3454 686 3541 ᾳιιίζ
718 3469 800 3522 lum
824 3484 886 3521 vero
911 3483 1013 3537 quoe,
1049 3470 1145 3522 lectum
1170 3446 1239 3533 quod
1267 3462 1347 3530 vulgo

325 3566 386 3619 ludo
403 3566 437 3619 ub
457 3566 545 3622 Auno.
561 3593 596 3608 -
632 3566 699 3621 Mox
718 3568 934 3622 v.62.Puoc1us
952 3576 1041 3633 certa,
1066 3565 1147 3618 ceteri
1164 3561 1225 3615 boul
1242 3567 1347 3614 terro.

324 3662 381 3717 Iam
405 3664 599 3718 Lucumone
627 3667 731 3734 poenite
767 3666 810 3719 At
838 3663 889 3716 tibi
921 3664 991 3716 dura
1019 3680 1108 3733 seges,
1142 3657 1274 3712 Nemesim
1302 3654 1350 3729 qui

326 3758 440 3815 abducis
464 3759 499 3814 ab
524 3762 602 3824 urbe,
628 3770 655 3818 et
678 3767 704 3818 iu
728 3771 891 3832 pentametro
910 3761 1011 3816 senoina
1035 3769 1118 3815 certo.
1162 3760 1209 3815 sic
1226 3757 1260 3812 ad
1277 3772 1350 3811 nme·

325 3869 411 3918 torem
434 3864 509 3919 locus
532 3866 653 3934 pertinet.
697 3862 752 3917 Sed
777 3864 859 3933 probo
880 3863 951 3932 quod
968 3862 1049 3931 vulgo
1066 3866 1201 3930 receptum
1224 3860 1251 3912 iu
1274 3862 1350 3911 textu

325 3966 406 4021 vider.

398 4091 431 4144 V.
443 4094 488 4144 75.
514 4089 612 4144 Venor
635 4085 742 4142 excidit
1332 4052 1350 4091 ⁸
