3009 4725
505 392 614 457 LIBR.
635 394 660 456 1.
703 393 825 494 ELEG.
846 395 886 456 ll.
1164 400 1204 459 45

185 573 330 636 sententia3
353 568 439 622 otiosa
458 566 574 636 epitheta
590 565 685 619 obsunt
702 580 719 617 a
735 563 852 618 Tibullo.
887 566 973 632 Atque
991 563 1054 619 huec
1073 564 1205 624 hacteuus.

185 675 276 727 Altera
292 669 370 724 lectio
391 665 523 738 fulminis
542 664 667 734 probatur
683 664 898 731 Broucsnusro,
919 666 1033 730 Vossro,
1059 667 1204 722 trussen-

185 789 288 838 ιιοιιιο,
305 771 351 838 qut
368 769 447 820 etism
465 765 541 818 sistit
560 771 723 834 receperunt,
742 781 801 818 enm
819 767 920 833 magica
937 771 995 819 arte
1012 766 1120 819 lutminn
1136 781 1203 833 quo-

184 889 251 942 que,
268 887 320 925 non
337 869 404 923 verti
422 865 544 934 quidem,
562 871 591 916 at
606 865 663 917 sisti
682 864 817 929 dicentur,
842 864 876 917 cl.
894 865 1051 918 Cnsunrsrs.
1069 866 1095 918 in
1113 865 1203 918 Rufin.

183 974 282 1038 l‚159.
300 970 405 1022 Ssuuc·
423 965 505 1017 Here·
523 964 585 1015 Oet.
599 965 663 1016 469.
697 962 788 1016 Possit
804 964 897 1030 aliquis
915 964 1040 1033 imprimis
1058 966 1094 1018 itu
1110 966 1201 1020 deleu-

184 1071 247 1124 dere
266 1066 470 1127 institutiones,
494 1064 556 1115 siin
575 1070 632 1115 toto
651 1063 762 1116 disticho
780 1064 813 1116 de
831 1065 987 1118 coelestibus
1003 1065 1081 1119 rebus
1098 1068 1142 1133 agi
1161 1068 1201 1118 di·

186 1176 229 1223 cat
246 1176 277 1222 ut
294 1170 320 1221 in
338 1166 456 1236 proximo
475 1165 508 1217 de
525 1163 639 1229 insertus,
656 1171 841 1233 comparetque
858 1168 994 1232 sequentis
1010 1167 1063 1220 duo
1083 1168 1201 1240 disticte,

185 1268 229 1321 ubi
248 1267 340 1321 esdern
357 1265 494 1318 manifesto
512 1262 651 1332 oppositio.
688 1265 727 1316 Ac
744 1263 862 1331 prolecto
880 1281 931 1318 nou
948 1282 1010 1320 essu
1022 1269 1127 1337 irrepsit
1142 1275 1201 1338 pul-

183 1368 245 1424 chre
262 1367 327 1421 nnec
345 1365 515 1428 concinnitas,
532 1378 581 1415 uec
599 1360 685 1430 potuit
702 1376 753 1413 nou
770 1362 856 1428 legem
874 1364 900 1415 in
918 1367 1109 1420 enumeratione
1126 1372 1200 1435 sequi

183 1479 275 1542 poeta,
301 1470 348 1524 sed
365 1470 444 1522 etiam
462 1483 497 1520 ex
514 1467 598 1518 utera
614 1465 714 1517 ratione
731 1465 856 1517 coneum
874 1471 915 1517 est
932 1482 1018 1520 rerum
1036 1470 1200 1537 compositio.

184 1571 310 1638 Opponit,
325 1568 376 1633 sio,
393 1574 422 1618 ut
440 1567 561 1635 peritiam
578 1579 659 1630 sagae
677 1563 823 1615 luculenter
841 1564 963 1630 illustret,
981 1566 1085 1622 omnino
1102 1584 1197 1635 supera

184 1674 212 1721 et
229 1666 327 1719 inlerna
345 1668 416 1731 locs3
443 1673 523 1730 etque
542 1664 568 1715 in
586 1662 666 1731 priori
685 1661 740 1729 puri
760 1658 928 1713 distichorum
946 1661 1032 1716 sidera
1049 1670 1077 1716 et
1095 1667 1198 1717 nuntius

183 1781 232 1837 pro
250 1767 376 1834 exemplis
393 1765 498 1818 laudans
516 1765 624 1833 opponit
642 1763 727 1827 Orco,
752 1763 779 1814 iu
797 1763 880 1814 altero
898 1762 1001 1816 coelum
1017 1766 1147 1829 maxime,
1172 1774 1199 1817 et

182 1867 312 1919 sidensis
329 1867 458 1933 explicatu
474 1880 505 1917 re
521 1867 571 1917 ism
590 1865 652 1916 nihil
669 1864 819 1917 offensionis
838 1864 938 1919 adesse.
978 1865 1117 1920 Postremo
1135 1869 1198 1920 iilud

182 1979 287 2031 quoque
303 1964 400 2029 sentis,
427 1965 505 2016 etism
528 1978 587 2017 curn
612 1963 784 2015 collocutione
807 1963 944 2016 verborum
970 1962 1036 2016 bene
1059 1968 1198 2018 convenire

182 2062 248 2116 hane
273 2078 351 2131 qnam
378 2061 540 2116 defendimus
564 2062 711 2115 lectionem.
759 2064 888 2116 ¹nccrsrste
912 2063 962 2116 sibi
990 2065 1111 2132 oppositu
1137 2075 1198 2119 snut

182 2163 260 2218 naec:
285 2165 325 2217 De
343 2165 418 2218 coelo
435 2162 532 2216 ducere
550 2163 650 2228 sidera,
672 2162 743 2216 humi
760 2179 823 2216 vero
841 2163 945 2220 flumine
962 2168 1073 2217 vertere.
1109 2167 1196 2230 Atque

181 2260 244 2316 haec
268 2261 372 2329 quidem
397 2261 431 2315 de
456 2261 507 2314 his.
554 2263 609 2316 lam
626 2262 675 2314 toti
693 2263 776 2331 primo
793 2261 904 2316 disticho
922 2264 1062 2332 opponitur
1078 2278 1198 2330 sequeus,

180 2359 214 2413 sd
232 2359 302 2429 quod
320 2377 388 2414 nunc
406 2360 563 2415 accedimus.
578 2389 615 2402 -
632 2360 666 2415 V·
678 2364 724 2415 ts.
740 2365 786 2419 48.
822 2362 888 2416 Cum
905 2379 957 2417 uon
977 2378 1057 2419 unuln
1072 2362 1196 2417 alterum·

181 2477 214 2514 ve
232 2462 390 2527 membrum,
408 2463 454 2515 sed
473 2465 559 2515 omnia
575 2463 732 2516 coniunctim
750 2479 798 2517 seu
817 2472 900 2519 totum
918 2465 1046 2535 distichon
1064 2483 1196 2536 opponere

183 2562 246 2613 velit
263 2561 425 2613 antecedenti
443 2562 560 2628 disticho,
579 2563 686 2633 pulchre
703 2562 766 2616 miti
784 2566 950 2633 praemittere
969 2568 1071 2622 videtur
1088 2576 1197 2635 cautu,

181 2674 235 2729 quo
257 2660 368 2714 artificio
384 2675 452 2727 quae
476 2668 618 2728 sequuntur
642 2663 708 2730 (que
726 2677 830 2727 -que
848 2686 883 2702 ··
902 2661 943 2728 et)
970 2670 1092 2729 tunquam
1108 2673 1196 2733 partes

178 2763 338 2830 colliguntur
354 2764 380 2814 ln
398 2777 473 2816 unam
491 2763 615 2817 maiorem
632 2764 796 2817 senteutiam.
821 2789 855 2801 -
884 2761 1058 2828 finditque
1083 2767 1193 2819 solum

179 2876 364 2928 manesque
389 2862 567 2930 sepulcris
594 2863 702 2917 elicit·
741 2864 788 2917 Sic
811 2863 894 2915 Orrn.
919 2862 1020 2914 Amorr.
1044 2860 1066 2925 l,
1091 2866 1117 2923 8,
1146 2869 1194 2915 tl:

178 2962 282 3016 Evocat
308 2960 430 3031 antiquis
451 2977 569 3029 proavos
593 2969 743 3033 atavosque
770 2960 899 3031 sepulcris
927 2969 953 3010 el
981 2957 1093 3011 solidum
1117 2957 1196 3029 longo

179 3059 295 3112 caremus
315 3059 401 3129 findit
427 3059 548 3113 inuisum.
584 3060 653 3114 und.
676 3062 762 3115 Vrns.
786 3060 881 3128 Eulog.
907 3057 979 3123 vul,
997 3061 1043 3110 98.
1076 3056 1195 3111 Lucrum.

178 3159 348 3227 Phitopseud.
365 3177 388 3213 c.
408 3165 459 3215 1³:
484 3157 591 3229 nepotis
616 3157 710 3221 ἑώλους
737 3157 881 3214 mentio.
917 3161 973 3214 Res
997 3173 1077 3227 saepe
1094 3170 1193 3209 memo-

180 3263 253 3321 ratu,
284 3273 361 3325 quum
385 3265 555 3325 ψυχαγωγίαν
577 3262 675 3315 Graeci
699 3261 795 3315 dicunt·
821 3290 856 3300 -
892 3268 925 3314 et
949 3257 1066 3327 tepido
1094 3256 1194 3308 devo—

177 3366 235 3412 rat
259 3374 340 3410 osse
362 3376 454 3426 rogo.
493 3362 528 3414 Ut
545 3362 644 3415 animus
668 3378 684 3415 e
706 3362 834 3430 sepulcris
852 3364 965 3424 excitet,
989 3361 1028 3412 sio
1049 3359 1102 3410 elin
1126 3364 1194 3409 teru-

176 3475 248 3525 pore,
273 3459 320 3523 ait,
344 3459 389 3511 six
406 3466 511 3515 cremati
529 3465 647 3532 corporis
665 3480 758 3517 ossae
775 3477 840 3528 rogo
858 3459 1018 3514 descendere
1035 3458 1107 3512 iubet
1124 3459 1194 3511 sitne

175 3556 285 3609 reddita·
321 3556 470 3625 Legitimse
494 3570 554 3615 sunt
579 3563 755 3632 oppositiones
780 3576 866 3614 rerum
891 3566 919 3613 et
941 3558 1079 3613 verborum
1104 3560 1130 3611 in
1154 3557 1195 3611 iris

178 3652 293 3707 &uehis
310 3663 338 3708 et
355 3656 453 3724 ubique
471 3659 618 3726 notsudse3
643 3666 720 3727 atque
739 3661 817 3713 etism
833 3658 883 3713 hoe
901 3661 960 3713 ioco
977 3660 1016 3713 sic
1032 3660 1193 3717 conformate

176 3755 303 3806 sententis
326 3762 369 3809 est
390 3762 419 3809 et
436 3760 529 3810 ontio.
565 3762 654 3816 Quare
671 3775 730 3813 eum
748 3745 858 3826 copulae
882 3773 943 3825 que
961 3782 997 3801 -·
1016 3775 1081 3826 que
1099 3758 1194 3826 prioris

177 3860 265 3906 essem
282 3864 369 3922 psrtes
387 3860 546 3925 sententiae,
564 3861 690 3913 innitere
708 3858 811 3912 diversa
828 3868 855 3909 et
873 3857 953 3922 dixit,
971 3873 1022 3911 non
1042 3874 1101 3928 que.
1136 3856 1192 3908 Sed

175 3950 283 4005 adrem
300 3956 390 4010 ooaler
406 3958 518 4011 Hoern-
533 3958 620 4027 Epod.
637 3957 723 4022 nvn,
741 3961 793 4010 79:
807 3956 909 4026 possim
926 3963 1056 4006 cumolos
1073 3950 1194 4004 excitam

171 4058 310 4110 mortuos,
326 4060 354 4107 et
371 4073 448 4124 quem
466 4058 598 4112 Humum
616 4059 717 4113 confert
734 4060 822 4113 Srrr.
840 4057 924 4112 Theb.
942 4055 988 4123 Ν,
1006 4059 1076 4107 nol:
1095 4050 1202 4105 Asson»

169 4146 225 4201 lm
243 4146 332 4203 bustis
350 4171 460 4225 corporo
480 4164 507 4211 et
521 4154 618 4226 plenus
636 4157 757 4232 antiquis
775 4156 879 4211 ossibus
897 4169 982 4209 urnas
1001 4171 1121 4225 egerere,
1149 4152 1193 4205 nbi
