3009 4725
326 372 447 417 cxxrtu
752 350 810 415 DE
834 345 958 422 Ponat

409 526 478 592 Nee
500 525 576 589 sinit
595 538 739 589 occttrrat
760 526 946 612 quisquam,
966 532 1030 614 qni
1048 553 1182 619 corpora
1202 538 1291 604 ferro
1316 517 1331 531 μ
1377 607 1382 616 ,

326 651 344 693 '-
451 648 608 714 Volneret
628 653 681 703 aut
701 653 791 724 rapta
813 643 955 724 praemia
975 659 1061 709 veste
1081 662 1177 732 petat.

406 863 499 927 Nunc
512 858 591 922 levis
604 869 650 918 est
670 857 830 922 tractanda
842 861 964 941 Venus,
985 861 1058 926 dunt
1070 867 1213 950 frangere
1235 886 1341 955 postes

448 974 524 1039 Non
547 970 646 1055 pudet
667 984 697 1033 et
717 972 805 1034 rixas
826 973 994 1038 insenuisse
1016 978 1115 1044 iuvat.

802 1091 872 1105 ῌ

317 1185 319 1191 “
406 1174 548 1237 Desistas
569 1170 732 1233 lacrimare
755 1193 852 1253 puer:
885 1194 950 1235 non
976 1175 1129 1257 frangitur
1152 1182 1205 1242 illa

445 1291 486 1352 Et
507 1300 561 1350 tua
581 1287 644 1348 iam
665 1284 743 1349 fletu
762 1288 882 1348 lumina
903 1288 986 1350 lesse
1006 1302 1137 1355 tument.

790 1401 861 1415 *
914 1409 920 1416 ι

402 1488 488 1552 Nota
507 1486 617 1547 Venus
638 1483 753 1546 furtiva
774 1485 852 1546 mihi
874 1499 937 1566 est,
964 1498 1001 1549 ut
1019 1488 1098 1551 lenis
1119 1501 1227 1570 agatur

441 1603 593 1684 Spiritus,
619 1613 655 1662 ut
674 1621 731 1662 nec
753 1598 827 1662 dent
848 1603 955 1664 oscula
974 1616 1065 1686 rapta
1086 1624 1211 1670 sonum.

315 1756 481 1816 Praeterea
502 1747 595 1809 etiam
616 1769 673 1828 per
695 1746 758 1810 duo
775 1744 906 1812 disticha
927 1749 1106 1814 extenditur
1123 1751 1271 1833 bipartita
1289 1755 1336 1818 di·-

312 1870 409 1944 visio,
439 1877 475 1926 ut
496 1869 566 1942 1,6,
579 1869 644 1925 25:

398 2006 515 2086 Saepe,
541 2005 628 2066 velut
649 1971 785 2086 gemmas
803 2007 874 2070 eius
896 2006 1082 2089 signumque
1100 2012 1285 2088 probarem,

441 2120 503 2181 Per
525 2138 649 2179 causam
671 2119 799 2181 memini
819 2137 870 2179 me
892 2121 1024 2196 tetigisse
1045 2140 1190 2182 manum:

396 2233 497 2314 Saepe
518 2253 604 2295 mero
626 2254 773 2296 sensnum
791 2232 903 2313 peperi
923 2233 999 2308 tibi,
1027 2234 1144 2314 etipse
1165 2235 1311 2295 bibebam

436 2345 550 2411 Sobria
572 2346 732 2426 supposita
755 2344 868 2424 pocula
889 2341 989 2407 victor
1013 2366 1103 2427 aqua.

309 2485 398 2550 sade
426 2486 458 2566 1,
487 2493 525 2565 5,
547 2488 679 2549 sr-sn.
712 2486 745 2562 1,
769 2488 806 2562 s,
829 2488 960 2545 25-2s.
997 2484 1045 2560 11,
1066 2487 1105 2563 4,
1127 2490 1235 2548 7-10.
1257 2489 1330 2545 21-

307 2605 412 2666 24.'et
433 2602 518 2666 alias.
562 2596 835 2676 Quemadmodum
858 2600 953 2662 etiam
972 2601 1129 2681 tripartita
1147 2599 1261 2667 divisio
1282 2603 1329 2663 la-

307 2718 369 2778 tius
390 2729 493 2798 potest
517 2715 663 2796 extendi,
693 2718 733 2779 cf.
755 2718 787 2794 1,
811 2720 847 2795 6,
870 2717 1005 2795 11-14,
1035 2729 1065 2778 et
1088 2724 1217 2781 77-80.
1245 2716 1277 2793 1,
1299 2723 1329 2793 ⁸3

306 2831 442 2915 43-46.
492 2833 597 2914 Atque
625 2831 670 2893 ita
698 2828 787 2893 vides
813 2842 969 2914 quantum
998 2843 1104 2912 pateat
1133 2830 1246 2897 divisio
1270 2852 1330 2913 per

306 2948 411 3011 omnia
433 2920 549 3027 genera
566 2946 787 3030 periodorum,
822 2966 919 3028 quam
949 2968 1019 3008 eum
1049 2970 1144 3030 supra
1165 2970 1266 3011 uncum
1286 2970 1328 3010 ex

304 3063 579 3146 praestantissimis
602 3062 739 3127 artificiis
762 3062 913 3124 orntIonis
935 3062 1087 3143 elegiacae
1103 3064 1254 3141 dixerim,
1273 3067 1328 3129 boc

304 3186 364 3263 ipso
389 3181 511 3241 libellus
531 3185 572 3240 sio
593 3200 661 3239 usas
680 3191 720 3239 mi
740 3190 772 3238 ut
791 3180 865 3239 ndns
883 3198 975 3241 nemo.
1026 3179 1125 3243 Modo
1147 3178 1268 3261 ubique
1289 3199 1326 3240 eo

305 3292 457 3357 attendas.
500 3293 604 3375 Atque
626 3290 759 3353 obsecra
777 3308 912 3369 niseum,
934 3305 1128 3375 quantopere
1149 3292 1327 3353 acnatlmec

303 3428 355 3468 res
379 3408 552 3469 orationem
576 3406 783 3469 concinnitate
809 3424 944 3469 nervosa
974 3420 1006 3470 et
1027 3408 1223 3490 oppositione
1245 3406 1327 3469 mu·

303 3520 403 3602 tiplici
425 3540 532 3582 rerum
555 3533 587 3581 et
608 3523 788 3583 verborum.
828 3521 969 3584 Primum
990 3508 1187 3603 simplicitate
1206 3531 1238 3580 et
1252 3539 1326 3599 per-

303 3635 465 3717 spicuitate
486 3632 645 3695 distinctae
668 3646 742 3695 sunt
767 3635 824 3695 hae
846 3632 1030 3713 divisionem
1059 3655 1130 3696 cum
1157 3654 1234 3700 vero
1256 3635 1326 3697 lan-

302 3761 418 3829 gueant
449 3747 618 3823 obscurae,
648 3744 849 3824 artificiosae,
890 3751 981 3830 longe
1015 3746 1148 3832 petitae,
1185 3750 1325 3831 vigorem

301 3864 420 3926 habent
448 3863 621 3945 simplices,
652 3863 773 3938 clarae,
798 3865 1002 3944 perspicuas,
1031 3862 1129 3929 veluti
1157 3884 1274 3927 messae
1296 3878 1327 3925 et
1407 3840 1411 3845 Ι

300 3980 385 4055 vina,
405 3979 498 4041 facies
523 3956 557 4039 el
575 3975 696 4057 capilli,
718 3988 812 4055 eaput
833 3991 863 4038 et
880 3977 1110 4058 podem-vestes
1131 3990 1163 4038 st
1184 3978 1326 4054 andans,

301 4110 415 4154 aucum
438 4090 568 4170 stagni,
591 4086 694 4151 undae
716 4088 812 4153 maris
833 4103 864 4153 et
879 4092 977 4168 venti,
996 4090 1111 4155 imbres
1133 4103 1162 4153 et
1183 4086 1324 4168 luboino,
