3009 4725
492 417 600 479 LIBR.
623 417 648 478 1.
692 415 814 480 ELEG.
836 420 875 481 ii.
1149 429 1185 484 31

167 594 246 648 bodie
265 594 373 662 primurn
392 604 451 642 eum
475 591 543 641 iacta
562 603 609 657 spe
626 603 694 641 nova
717 588 803 642 iimina
827 589 941 656 adierat,
969 590 1016 645 aed
1035 607 1097 646 ecce
1115 594 1190 649 ianua

168 696 274 750 clausa!
310 694 372 749 Quo
390 706 454 744 casu
473 690 606 756 inopinato
624 688 754 754 quomodo
772 695 928 743 commotum
946 707 1038 746 censes
1056 707 1130 758 eum,
1147 696 1191 760 qui

166 796 282 854 maximo
306 797 382 846 aestu
407 790 504 843 amoris
527 789 673 856 flagrarett
709 789 833 842 Ostendit
851 792 984 859 praeclara
1008 795 1191 849 exordium

168 897 273 964 pienum
290 896 422 948 ramorum
440 892 597 944 affectuum:
617 891 674 943 vnit
690 897 768 958 poeta
787 892 847 944 vino
865 895 1001 963 consopire
1016 894 1132 949 dotorem
1149 897 1190 950 in-

167 1003 285 1064 gentem,
299 997 346 1050 aed
359 1001 467 1047 conatur
480 993 592 1059 frustra3
610 1000 761 1045 exsecratur
774 994 886 1059 monam,
902 1009 993 1062 preces
1006 994 1068 1048 iacit
1081 995 1115 1048 ad
1128 1012 1191 1050 eau-

169 1098 247 1163 dem,
273 1094 324 1146 buc
341 1095 404 1146 iiiuc
422 1094 517 1145 iactato
539 1092 681 1158 irrequieto
703 1092 805 1157 animo,
831 1092 892 1145 dum
909 1099 988 1162 urget
1006 1094 1134 1165 cupidita,
1150 1098 1191 1151 tn.
1279 1093 1283 1106 ‘

171 1189 428 1247 troebndimaxinra.
463 1189 947 1257 Sequiturrnediumcaruren.
984 1193 1189 1262 Rediitquidcm

170 1301 250 1364 poeta
266 1294 300 1346 ad
315 1309 345 1346 se
359 1299 387 1346 et
401 1292 512 1345 cenauit
525 1292 576 1343 ista
588 1289 814 1344 vehementissima
826 1293 962 1346 fluctuatio
975 1295 1061 1360 animi,
1078 1311 1127 1351 nco
1137 1297 1189 1352 iarn

171 1396 258 1465 pergit
272 1397 374 1447 ianuam
392 1395 505 1461 alioqui,
531 1391 579 1445 sed
597 1392 631 1446 ad
648 1393 750 1446 Deliam
767 1393 850 1461 ipsam
866 1395 1038 1462 conuertitur,
1061 1393 1126 1450 banc
1144 1412 1190 1450 au-

171 1501 223 1548 tem
245 1511 313 1547 nnuc
334 1494 452 1546 omnibns
470 1491 566 1558 quibua
584 1495 672 1560 potest
689 1488 857 1544 hortamentis
875 1492 1042 1560 aggreditur,
1066 1499 1191 1563 totusque

173 1593 200 1644 tn
216 1608 248 1645 eo
266 1600 320 1657 ast,
341 1601 372 1645 ut
393 1593 484 1658 quovis
501 1591 581 1644 ruodo
598 1590 711 1642 animum
729 1596 757 1641 et
775 1589 907 1643 audaciam
925 1593 949 1645 ei
966 1593 1073 1663 inspiret
1090 1594 1123 1648 ad
1141 1597 1192 1650 sai-

174 1693 276 1745 tendum
302 1693 384 1745 rirnm
407 1700 434 1746 ct
457 1693 611 1747 custodiam.
653 1692 683 1744 In
702 1707 753 1758 quo
777 1705 845 1743 nuuc
870 1692 978 1746 observa
995 1709 1096 1748 mecum
1113 1712 1191 1765 praa-

174 1794 268 1846 ularam
285 1795 437 1848 varietauem
456 1802 483 1846 et
500 1794 681 1862 gradationem
698 1808 793 1847 rerum.
830 1795 902 1845 Sunt
919 1802 975 1847 tras
988 1805 1092 1864 portes.
1126 1801 1191 1852 Pri-

175 1909 246 1943 mum
264 1892 377 1945 ostendit
394 1899 509 1946 amunta
528 1895 555 1946 in
578 1892 663 1945 tutela
680 1893 795 1945 Veneris
812 1907 870 1946 ease
886 1898 914 1945 et
931 1894 965 1945 ab
982 1908 1014 1946 ea
1031 1895 1146 1951 adiuvari
1164 1905 1192 1952 et

173 1993 276 2062 protegi
294 1996 363 2048 omni
381 1995 472 2060 modo,
497 1995 576 2064 idque
593 1995 706 2048 ostendit
724 1994 864 2046 trifariam:
888 1993 966 2047 docet
983 1993 1031 2047 dea
1048 1989 1117 2049 artes
1134 1996 1193 2051 t'nr-

172 2093 239 2146 tiras
256 2094 348 2162 quibua
366 2094 457 2147 iniiere
476 2095 592 2163 possint,
609 2099 697 2147 tuetur
714 2099 819 2146 euntem
837 2099 917 2147 noctu
935 2110 983 2163 per
999 2095 1055 2148 vias
1072 2101 1099 2148 et
1118 2098 1192 2165 punit

173 2193 250 2246 etiam
267 2195 414 2264 proditores
432 2197 555 2262 loquaces
574 2195 714 2249 furtorum
741 2211 808 2262 quae
833 2211 911 2263 quam
935 2191 1058 2266 graphida
1076 2196 1192 2267 depingit

174 2294 270 2345 omnia!
306 2294 360 2348 Sed
379 2311 431 2348 non
450 2295 489 2348 bis
514 2296 577 2348 sotis
601 2292 769 2348 hortamentia
794 2295 915 2348 cupidita
941 2296 1060 2352 succedit
1077 2299 1191 2353 racundo

174 2391 230 2445 ioco
247 2396 406 2461 mapparum
425 2410 511 2447 rarum
530 2395 671 2462 descriptio
688 2395 842 2461 magnifica,
870 2401 897 2450 et
916 2396 1036 2451 trudatur
1051 2413 1094 2451 ars
1112 2415 1192 2468 sagae

175 2492 301 2560 stupenda
324 2510 372 2561 per
389 2497 506 2559 coctum,
533 2502 646 2561 terram,
674 2493 772 2549 Orcum
796 2498 943 2564 pertinens,
966 2513 1043 2565 quarn
1061 2503 1148 2552 narrat
1163 2516 1193 2554 se

175 2591 271 2644 adiisse
289 2596 316 2643 et
333 2606 437 2643 carmen
454 2594 600 2660 accepisse,
621 2594 692 2662 quod
709 2595 731 2647 ai
750 2600 791 2646 ter
808 2594 1012 2662 pronuntiaverit
1029 2596 1121 2663 Delia,
1143 2598 1193 2650 ob-

173 2692 309 2741 coecatunr
325 2688 358 2742 iri
375 2695 487 2744 mentem
505 2692 604 2758 mariti,
623 2700 654 2746 ut
673 2707 722 2746 nec
738 2690 825 2744 rideat
843 2690 983 2757 quidquam
999 2706 1049 2746 neo
1066 2696 1193 2761 proditori

173 2786 270 2841 Μαί.
317 2787 382 2841 Erat
409 2791 476 2842 enim
501 2787 576 2844 bnina
602 2790 793 2860 superstitionis
817 2789 885 2858 apud
913 2790 1008 2842 multos
1025 2794 1081 2842 turn
1099 2806 1193 2859 magna

173 2886 220 2951 ria,
238 2886 414 2955 impriun‘sqne
431 2889 499 2957 apud
517 2890 627 2958 puciias,
647 2903 755 2956 quarum
774 2889 874 2942 animus
892 2894 984 2942 natura
1000 2886 1034 2942 ad
1052 2889 1115 2941 talia
1130 2905 1192 2958 pro-

173 2982 285 3047 perator.
321 2982 463 3036 Considera
479 2983 592 3050 denique
605 2982 715 3034 tertiam
726 2991 833 3052 purtem
846 2999 942 3034 rarum.
978 2979 1100 3035 Ostendit
1115 2987 1193 3049 pocta

173 3093 250 3148 opem
268 3083 377 3136 Venaria
401 3088 429 3136 et
453 3082 548 3135 obtulit
565 3082 644 3134 etlam
662 3081 792 3149 magicum
816 3095 935 3146 carmen,
961 3079 1008 3133 sed
1026 3077 1085 3147 quia
1101 3078 1192 3133 credat

175 3195 234 3233 eum
252 3182 337 3235 omnia
352 3182 514 3236 bortamenta
532 3180 697 3248 exhausisse,
714 3183 737 3235 ai
754 3182 884 3235 omisisset
901 3196 955 3249 quo
972 3178 1033 3233 nibii
1052 3178 1077 3230 in
1097 3176 1144 3230 bau
1162 3192 1191 3230 ra

173 3281 321 3348 potentius,
344 3281 406 3336 uibii
430 3283 514 3350 magis
537 3284 711 3336 necessarium
736 3284 763 3336 in
786 3285 833 3336 tali
856 3281 992 3336 carmina?
1028 3277 1095 3334 Vide
1112 3278 1192 3346 igitur

172 3396 251 3447 quana
275 3382 341 3433 scite
365 3397 432 3435 nunc
456 3385 534 3436 ctiam
558 3386 653 3437 amoris
677 3386 717 3436 sui
742 3381 945 3450 magnitudinem
970 3384 998 3431 et
1023 3377 1192 3430 constantiam

172 3479 348 3547 demonstret,
376 3487 406 3533 ut
424 3482 509 3535 riraiia
528 3497 611 3551 nuper
633 3485 658 3534 in
684 3482 780 3535 beilum
804 3478 916 3548 proiecti
934 3476 1046 3541 levitati,
1070 3476 1192 3544 praedam

173 3585 200 3629 et
222 3578 333 3631 restium
358 3585 476 3632 ornatum
500 3586 528 3633 et
552 3579 661 3646 gloriam
686 3577 872 3647 praeferentia,
899 3589 958 3628 euru
976 3576 1076 3629 Deliam
1094 3575 1190 3630 babere

172 3685 270 3743 posset,
287 3686 402 3749 opponat
420 3694 483 3732 snos
500 3695 600 3745 senam,
618 3695 691 3732 auam
708 3678 786 3730 tidem
804 3682 832 3729 et
849 3676 1029 3742 constantiam,
1050 3678 1094 3745 qui
1114 3692 1193 3742 sagae

172 3774 272 3828 artibus
295 3779 393 3832 restitit
417 3779 520 3831 solvere
543 3794 659 3832 amorem
684 3778 802 3846 puanti,
829 3778 873 3844 qui
891 3764 925 3828 ad
948 3784 1063 3830 aratrum
1080 3782 1108 3828 at
1125 3779 1193 3828 iuter

171 3886 269 3937 meges
287 3877 349 3929 sotis
365 3878 393 3929 in
411 3877 543 3930 montibus
562 3879 630 3930 iaetu
652 3876 732 3942 deget
749 3891 808 3931 eum
830 3875 906 3927 italia
923 3880 950 3926 et
966 3874 994 3926 ia
1016 3875 1072 3925 eius
1090 3872 1192 3924 iacentia

170 3973 277 4025 motion
294 3992 412 4031 sonuum
430 3978 538 4033 babebit
556 3982 581 4032 in
600 3980 665 4032 dura
682 3976 776 4043 bauo,
800 3978 844 4045 qui
862 3975 975 4040 deniqne
992 3973 1070 4025 etiarn
1089 3969 1192 4039 templis

169 4071 284 4139 suppiex
307 4077 479 4140 procumbere
501 4084 528 4130 et
550 4077 660 4143 genibus
682 4082 778 4129 terram
799 4087 938 4145 perrepere
959 4077 1064 4139 paratus
1086 4075 1144 4136 est,
1170 4069 1193 4122 si

169 4170 342 4228 ada’arseutur
363 4176 398 4229 dii
418 4186 445 4231 et
462 4178 591 4231 meruerit·
604 4177 715 4244 aliquid,
737 4178 836 4232 auitum
854 4172 1008 4242 suppuciun
1026 4176 1192 4225 recantamus
