3009 4725
586 461 770 524 TlBULLi.
1115 496 1188 536 cm

165 643 276 705 horum
305 635 484 700 carminum
513 634 749 714 praestantiam,
784 656 867 697 uttne
896 634 934 697 nd
961 642 1028 721 ipsa
1054 641 1183 707 disticha

164 751 396 826 descendimus,
427 759 459 809 et
483 744 524 807 ad
546 745 678 808 iorrnenr
700 759 731 808 et
758 749 968 813 elocutionem
993 756 1184 837 singularum

161 866 386 940 sententiarum
413 859 687 934 considerandam,
720 876 755 925 ut
779 884 1001 944 cognoscamus
1024 875 1183 953 quomodo

161 993 256 1064 poeta
277 1001 349 1043 eum
371 976 535 1044 latitudine
555 978 759 1059 expositionis
782 981 933 1060 elegiacae
955 983 1182 1066 sImplicitateut

163 1108 194 1157 et
217 1098 283 1159 vim
305 1095 527 1158 consociaverit
550 1094 678 1175 egregie.

231 1215 278 1274 Ae
304 1209 436 1273 latitudo
462 1210 588 1293 quidem
617 1209 823 1292 expositionis
849 1213 998 1292 elegiacos
1024 1214 1087 1277 duo
1116 1219 1182 1297 pal·

160 1329 261 1391 meria
286 1326 414 1390 artificia
442 1326 537 1388 babet
565 1326 681 1408 quibus
710 1326 822 1398 utitur,
856 1328 1011 1390 diuisionem
1032 1337 1181 1393 senterstrae

158 1449 185 1504 in
208 1453 323 1524 partes,
356 1452 388 1505 et
415 1439 662 1523 ampifficatsonem
688 1460 740 1518 per
764 1444 945 1519 repetitionem
970 1442 1091 1504 asaelem
1117 1465 1181 1505 ,sers-

159 1564 275 1635 teatiae3
304 1557 438 1618 alterum
460 1554 591 1617 Tibullo
615 1565 676 1629 est,
707 1554 838 1615 alterum
861 1556 1025 1638 Propertio
1046 1558 1177 1622 scurrilia·

159 1675 234 1735 rius.
282 1671 327 1734 Ut
356 1671 494 1752 primum
522 1669 561 1733 de
590 1669 646 1731 ilio
677 1666 793 1748 dicam,
824 1691 893 1732 cum
924 1673 1005 1735 trinis
1038 1676 1177 1738 versibus

161 1797 283 1849 constet
311 1796 446 1847 metunt
474 1786 659 1867 elegiacum,
693 1807 751 1866 per
779 1807 859 1868 quos
892 1786 1077 1850 extendatur
1105 1810 1176 1854 seu-

163 1901 281 1976 tentia,
326 1899 487 1962 commode
526 1921 557 1963 se
590 1900 759 1965 divisiones
796 1904 998 1976 obtuleruut,
1043 1905 1175 1966 tttaxiure

160 2013 370 2102 deposcerunt,
400 2027 434 2077 ut
454 2017 486 2077 in
515 2016 599 2098 paria
623 2020 654 2080 vi
678 2017 820 2079 membra
848 2013 1027 2096 (soordinirte
1052 2014 1176 2095 (illudar)

158 2129 329 2195 discederet
358 2131 476 2210 oratio,
510 2134 624 2215 quibus
655 2132 810 2196 distichon
836 2132 1030 2213 inpleretur.
1084 2132 1176 2194 Tales

158 2246 324 2309 divisiones
341 2266 447 2307 restent
468 2259 560 2327 puta,
581 2246 607 2306 si
623 2266 736 2307 aurum
755 2258 785 2308 et
801 2245 1013 2327 possessiones
1031 2266 1175 2327 agrorum

158 2376 369 2426 memorantur
393 2382 454 2443 pro
484 2361 616 2443 opibus,
647 2359 756 2421 diuitias
779 2361 850 2423 alites
867 2359 947 2443 fuluo
968 2364 1022 2424 sibi
1042 2378 1174 2441 congerat

159 2499 247 2553 auru,
271 2491 298 2539 et
316 2490 409 2539 teneat
430 2478 499 2539 culti
516 2483 616 2554 iugera
638 2478 727 2538 multa
747 2479 812 2559 soli3
842 2476 995 2558 smaragdi
1018 2482 1068 2541 vel
1088 2502 1172 2559 geut-

158 2611 225 2654 utae
258 2602 288 2654 et
316 2604 418 2656 vestes
449 2613 647 2674 purpureae,
688 2594 743 2655 ubi
773 2591 811 2653 de
841 2596 967 2656 luxeuia
996 2598 1170 2675 puellarum

156 2705 274 2786 agitur,
305 2708 450 2788 Opertae
475 2714 633 2790 quicunque
659 2710 723 2784 legit
751 2707 903 2787 uiridesque
931 2712 1117 2784 smaragdus,
1146 2726 1172 2770 et.

66 2878 70 2893 ,
152 2825 262 2881 mnsam
289 2820 370 2900 Tyria
396 2826 498 2881 murice
524 2825 621 2898 tinguit
646 2842 739 2896 uuem3
769 2817 896 2898 sagittae
924 2830 955 2878 et
985 2821 1085 2895 finces,
1116 2825 1169 2881 ubi

153 2931 193 2995 de
216 2933 250 2997 vi
269 2933 410 3011 Amoris,
430 2936 507 2995 Acer
527 2935 618 2996 Amor
629 2931 748 3014 frenas
769 2938 875 2994 nizam
895 2944 948 2992 tua
967 2931 1023 2990 tela
1043 2937 1171 3005 sagittas,

153 3053 179 3106 si
197 3049 273 3123 lieet,
300 3052 451 3109 exstinctas
472 3049 686 3130 adspicimnpue
698 3046 801 3128 saces3
829 3066 924 3126 rugae
945 3044 1034 3105 iaciei
1056 3056 1087 3105 et
1108 3045 1171 3105 albi

154 3162 270 3241 capilii,
307 3162 363 3224 ubi
390 3158 429 3222 de
457 3172 632 3237 senectute,
667 3162 760 3222 tollere
787 3172 846 3222 tum
875 3179 948 3220 eura
976 3170 1016 3218 est
1042 3157 1121 3217 albos
1149 3181 1170 3218 a

151 3278 233 3356 stirpe
255 3276 383 3356 capillos,
405 3287 432 3335 et
444 3272 555 3353 sacrem
575 3275 691 3357 dnnpta
708 3276 778 3356 pelle
799 3272 904 3355 referre
923 3294 1039 3350 nanam3
1066 3283 1169 3335 eusto-

153 3384 206 3449 des
229 3399 259 3448 et
279 3390 373 3449 ianua
396 3390 518 3463 clatus,
549 3388 605 3449 ubi
633 3387 736 3450 aditus
764 3406 827 3448 non
854 3398 938 3468 [rotet
961 3386 998 3448 ad
1022 3389 1167 3468 puellam,

150 3523 216 3565 uota
242 3507 336 3585 posita
362 3517 402 3565 est
427 3516 540 3565 nostrae
566 3505 694 3566 euandro
722 3525 808 3564 saeua
828 3502 952 3584 puellae,
980 3504 1123 3564 clauditur
1143 3517 1169 3563 et

151 3616 225 3677 dura
240 3623 332 3679 raam
341 3616 434 3697 firnta
446 3638 529 3693 sera;
552 3615 654 3679 undae
674 3629 704 3677 et
725 3617 825 3688 venti,
846 3615 899 3677 ubi
917 3612 955 3675 de
973 3616 1166 3695 navigatione
1253 3622 1262 3635 '

150 3748 266 3809 sermo,
287 3734 412 3794 nondum
431 3736 579 3795 canuleas
597 3738 677 3814 pinus
694 3744 896 3814 contempserat
917 3732 1022 3805 stratas,
1048 3727 1167 3810 effessum

149 3848 229 3903 nenas
239 3847 468 3929 praebueratque
480 3851 586 3924 sinnm3
608 3856 663 3907 aut
676 3846 702 3906 si
716 3843 756 3905 de
770 3845 909 3908 aratione
925 3844 1052 3909 inuenta
1067 3841 1165 3904 dicas:

146 3961 251 4033 patruus
272 3972 380 4022 aratra
397 3982 484 4022 mmm
500 3962 604 4023 sollerti
611 3960 684 4042 feeit
700 3961 787 4023 Osiris
808 3974 835 4023 et
855 3974 979 4023 teneram
993 3958 1076 4038 ferro
1092 3960 1166 4017 solli·

148 4075 238 4135 citant
259 4077 391 4151 mum,
413 4075 502 4138 etde
524 4078 633 4139 sitiunt
656 4097 747 4139 cura:
772 4079 816 4138 lua
837 4078 932 4138 duam
950 4087 1074 4135 teneram
1094 4074 1167 4153 palis

147 4187 300 4266 adaugere
323 4196 419 4267 nitent,
448 4193 492 4254 ltin
512 4193 625 4254 uiridem
648 4191 723 4253 dura
748 4190 868 4251 caedere
881 4186 962 4268 salec
984 4207 1108 4260 cornuue,
1138 4198 1169 4245 et
