3009 4725
616 428 802 503 TlBULLI
834 429 919 503 ΠΒ.
939 431 965 507 Ι.
983 447 1010 503 9.

625 692 887 759 ELEGIA
936 695 995 759 IX.

339 863 468 1034 Quid
494 920 600 1011 mihi,
636 922 664 994 si
691 921 808 995 fueras
833 923 976 996 miseros
1002 921 1156 997 laesurus
1182 951 1326 1014 amores,

389 1050 545 1127 Foedera
568 1049 770 1152 perdives,
803 1049 889 1126 clem
915 1048 1094 1143 violanda,
1128 1053 1259 1129 dabas?

346 1184 403 1259 Ah
428 1183 550 1273 miser,
582 1181 644 1255 etsi
670 1181 747 1284 quis
773 1181 887 1283 primo
911 1182 1062 1283 periuria
1089 1184 1193 1276 relat,

395 1314 615 1402 Seraxtamen
639 1312 750 1388 tacitis
776 1314 892 1388 Poena
916 1313 1008 1388 ‘venit
1031 1313 1188 1415 pedibus.

324 1445 504 1540 5Parcite‚
538 1440 714 1520 caelestes:
751 1472 898 1545 aequum
924 1464 975 1519 est
999 1445 1138 1546 impune
1162 1443 1264 1520 licere

392 1575 543 1651 Numina
567 1572 728 1650 formosis
752 1573 886 1649 laedere
910 1593 1019 1650 vestre
1044 1573 1156 1649 semel.

339 1710 452 1783 Lucre
477 1723 596 1807 petens
621 1703 729 1780 habili
753 1723 870 1780 tauros
894 1705 1052 1806 adiungit
1077 1723 1191 1780 aratro

396 1839 442 1912 Et
467 1837 593 1911 durum
618 1854 728 1911 terrae
753 1835 902 1912 rusticus
925 1854 1024 1937 urget
1050 1855 1160 1939 opus3

347 1968 458 2043 Lucra
482 1968 647 2069 petituras
672 1967 758 2044 freta
779 1995 843 2069 per
867 1967 1022 2070 parentia
1049 1967 1157 2040 ventis

308 2117 345 2172 10
404 2099 544 2175 Ducunt
569 2096 745 2173 instabiles
768 2097 882 2171 sidera
907 2114 996 2169 certa
1023 2110 1131 2166 rates:

349 2227 552 2303 Muneribus
577 2254 673 2301 meus
699 2241 749 2298 est
775 2239 893 2322 captus
918 2247 1013 2321 puer,
1046 2236 1081 2291 at
1106 2217 1191 2291 deus
1216 2215 1275 2291 illa

398 2359 440 2433 In
467 2360 613 2435 cinerem
639 2371 671 2427 et
692 2350 841 2454 liquidas
866 2376 1008 2424 munera
1031 2366 1138 2422 veriat
1163 2377 1279 2451 aquas.

347 2488 418 2561 Iam
445 2484 529 2561 mihi
553 2478 721 2584 persolvet
745 2507 895 2583 poenas,
929 2478 1108 2581 pulvisque
1135 2478 1293 2556 decorem

398 2611 564 2689 Detrahet
584 2628 616 2686 et
635 2612 743 2686 ventis
770 2609 912 2685 horrida
936 2609 1025 2685 facta
1045 2636 1162 2698 roma,

309 2743 627 2833 15Ure1ursaeies‚
659 2759 804 2817 urentur
825 2740 896 2815 sole
922 2738 1057 2842 capilli,

401 2875 539 2949 Deteret
560 2870 728 2946 invalidos
753 2887 785 2943 et
806 2870 859 2943 via
884 2869 989 2968 longe
1014 2868 1129 2970 pedes.

345 3002 521 3078 Admonui
547 2994 704 3103 qubeiens
731 3009 835 3071 ‘auro
860 3024 904 3071 ne
930 2996 1045 3099 pollue
1067 2997 1235 3072 sormam:
1268 3066 1273 3073 .

399 3133 511 3235 Saepe
531 3128 641 3206 solent
666 3155 750 3201 euro
776 3125 881 3201 multa
903 3127 1043 3202 subesse
1064 3124 1162 3202 mala.

352 3262 489 3337 Divitiis
513 3275 632 3360 captus
655 3256 762 3358 siquis
784 3254 920 3331 violavit
944 3284 1114 3344 amorem,

312 3404 350 3461 20
405 3390 605 3492 Asperaque
627 3404 679 3461 est
698 3384 746 3459 illi
773 3384 994 3488 difficilisque
1019 3390 1146 3461 venus.

355 3522 426 3594 Ure
451 3545 564 3592 meum
589 3516 703 3618 potius
728 3513 866 3589 flamme
892 3530 1048 3616 caputet
1072 3528 1148 3612 pete
1173 3508 1264 3581 ferro

409 3649 542 3749 Corpus
568 3662 601 3720 et
624 3647 750 3720 intorto
774 3645 912 3720 verbere
936 3660 1030 3739 terga
1056 3665 1142 3714 seca.

386 3949 419 4003 V.
434 3953 475 4004 le.
502 3949 683 4020 persolvet
708 3949 769 4003 libri
793 3947 890 4018 optimi.
926 3948 1061 4002 Preorrse
1088 3944 1153 4012 „vel
1174 3940 1335 4013 persolvas?

315 4045 356 4099 lte
368 4048 463 4102 Arrun
483 4050 563 4100 1⁶02.
599 4046 661 4101 Quo
678 4061 730 4101 non
744 4061 827 4115 opus,
845 4047 907 4101 lieet
923 4044 1071 4115 receperint
1081 4043 1197 4099 Vererer
1212 4046 1240 4094 et
1250 4039 1336 4110 wure-

316 4160 484 4200 erueremur
504 4149 532 4199 et
549 4142 679 4197 Brerrrrs.
