3009 4725
476 421 587 488 LIBR.
610 425 635 488 Ι.
679 423 799 488 ELEG.
821 427 877 489 ix.
1122 433 1180 495 tre

162 605 200 659 nie
217 600 264 657 red
283 610 405 660 nervom,
432 593 555 663 periurii,
573 599 651 661 etque
673 593 750 647 etiarn
771 593 895 647 ultionem
914 593 1037 664 deornm,
1055 599 1117 654 licet
1134 601 1180 655 de—

163 716 286 772 precans,
313 692 455 763 praedicit,
479 697 508 744 et
529 691 581 744 iem
605 705 673 743 nnnc
698 690 815 760 conspici
833 691 979 750 huiusmodi
1003 696 1066 764 quid
1090 710 1180 755 ceneet

162 802 184 854 ei
208 797 311 865 quidem
336 793 388 847 hoc
410 793 469 862 ipeo
494 798 612 860 tempore
635 792 662 844 iu
685 791 780 845 itinere
801 792 910 860 pedibus
933 798 1060 853 comitant
1078 810 1181 857 emoto·

74 936 83 952 ,
160 912 217 951 rem
233 910 339 950 ererum
356 908 424 963 puer
440 889 566 945 moleetiie
583 888 641 944 viae
658 888 776 944 laeeurue
794 891 829 943 eit
845 905 941 963 corpur
957 901 1084 953 tenerum.
1120 900 1181 957 Hoc

160 996 297 1052 exordium
322 998 378 1059 eet,
404 993 432 1045 in
456 1005 509 1058 quo
527 990 606 1043 etiam
625 990 734 1042 manno
751 991 862 1044 affectes
885 993 985 1061 placet,
1009 1012 1025 1049 e
1047 998 1123 1053 minin
1145 1001 1181 1054 ed

161 1096 356 1150 excusationem
374 1093 448 1161 pueri
466 1096 495 1144 et
515 1090 725 1158 deprecationem
743 1107 844 1158 poenae
863 1100 990 1160 pergente
1007 1079 1108 1167 poete(
1124 1105 1179 1157 tum

162 1195 195 1248 ad
209 1195 273 1248 iram
286 1193 420 1247 redeunte.
455 1190 525 1244 Exin
543 1190 569 1243 in
587 1187 694 1243 medin
710 1206 749 1258 pa
758 1196 809 1243 rte
827 1191 905 1244 latine
918 1198 945 1245 et
958 1193 1040 1249 sueino
1054 1203 1181 1254 tractetur

163 1292 265 1359 theme,
284 1296 419 1346 crescente
436 1291 510 1359 qnasi
527 1291 566 1344 ire
585 1296 612 1343 et
630 1290 788 1344 verbositate
804 1291 915 1344 effectur
932 1293 1000 1346 inter
1017 1295 1182 1366 loquendum,

163 1407 222 1445 cnm
240 1390 374 1446 exordium
392 1390 476 1443 leniue
494 1388 594 1442 inireet.
637 1387 753 1456 Exponit
778 1388 859 1456 igitur
876 1367 944 1442 nnnc
961 1390 1072 1459 primunr
1091 1394 1180 1450 obiur-

163 1489 269 1556 pntione
286 1487 407 1542 uberiore
431 1502 535 1541 omnem
558 1486 678 1538 iniuriam
700 1486 790 1553 pueri,
815 1487 859 1552 qni
877 1487 1012 1542 immemor
1028 1491 1183 1562 admonitio·

164 1589 204 1640 nie
228 1588 340 1653 Tibulli,
368 1589 532 1642 iurisiurandi
559 1588 600 1641 eni
629 1594 657 1640 et
684 1587 847 1640 lacrimarum
872 1587 1022 1656 inimemor,
1048 1593 1183 1650 immemor

165 1685 277 1753 deniqne
293 1685 436 1740 ciliciorum
451 1685 549 1738 Tibulli
566 1690 595 1738 et
611 1684 752 1746 carminum
771 1682 957 1751 dedicatorum,
975 1689 1087 1756 pereirne
1104 1694 1182 1749 iidem

161 1781 273 1849 fefellit3
299 1782 393 1838 deinde
417 1783 590 1850 obiurgatioui
608 1782 714 1843 eubiicit
731 1797 832 1849 poenae
850 1782 1084 1842 denuntiationem
1110 1791 1183 1844 iubet

167 1882 236 1935 enim
259 1895 327 1935 nnuc
351 1897 461 1950 puerum
484 1882 574 1950 procul
600 1881 694 1934 aberro
719 1881 746 1933 in
771 1888 920 1949 porterum,
946 1889 1092 1954 corruptori
1119 1905 1182 1943 nero

166 1981 317 2049 gravinen
335 1981 401 2034 mele
419 1981 589 2049 imprecetur,
606 1979 696 2034 uxorin
713 1979 848 2047 pontidium
865 1987 959 2049 optent
973 1990 1006 2036 ut
1023 1986 1183 2054 experietur,

167 2079 246 2133 immo
265 2081 317 2134 iem
340 2094 409 2134 nuuc
433 2078 500 2133 hanc
523 2077 656 2147 perfidiam
681 2077 773 2131 adesse
798 2080 967 2134 contendere.
1009 2085 1095 2153 Atque
1117 2084 1182 2141 hoec
1261 2148 1263 2151 y

108 2157 116 2170 ⁸
167 2180 271 2247 quidem
289 2180 374 2235 media
393 2196 452 2250 pare
473 2185 523 2234 cet.
560 2180 686 2248 Sequitur
711 2177 822 2246 denique
847 2182 972 2240 eritne
1008 2182 1126 2242 Tertium
1143 2186 1184 2238 in-

166 2276 267 2335 vehitur
284 2281 310 2334 in
329 2297 438 2353 puerum
456 2282 613 2348 obiurgant,
631 2288 659 2334 et
676 2296 743 2334 nnnc
761 2280 866 2347 quidem
884 2281 953 2349 qnod
972 2281 1122 2353 decrepitus
1140 2301 1184 2339 ee-

166 2397 218 2437 nex
236 2386 270 2439 rit
287 2385 365 2439 ioede
383 2386 499 2455 podagra
516 2385 645 2450 effectae,
669 2385 711 2438 cui
728 2401 759 2438 ee
779 2385 881 2441 dederit
895 2391 927 2443 ,et
944 2389 1120 2457 postposuerit
1135 2389 1186 2442 Ti-

168 2485 284 2549 bullnm,
308 2486 464 2551 rediensque
481 2491 543 2553 poet
559 2486 767 2553 obiurgationem
780 2488 863 2544 etiem
880 2485 913 2539 ed
932 2502 1031 2554 poenae
1049 2487 1186 2543 denuntie-

168 2585 275 2650 nonem,
291 2598 351 2637 cum
367 2600 447 2653 eupra
464 2584 557 2638 ebeeee
575 2586 601 2638 in
619 2593 751 2654 posterum
768 2586 874 2639 iusserit
891 2601 1011 2653 puerum,
1028 2588 1186 2643 nnnc'eddit

167 2683 269 2736 tristem
285 2683 471 2752 poenitentiam
490 2683 514 2736 ei
533 2683 661 2751 futurem,
686 2686 731 2739 nbi
755 2701 785 2737 ee
809 2684 926 2737 relictum
951 2683 1045 2735 viderit
1062 2691 1090 2736 ct
1106 2688 1186 2741 edum

110 2812 114 2819 ·
167 2796 278 2849 tepuere
295 2783 322 2836 iu
340 2782 440 2850 premio
458 2787 568 2851 poetae,
591 2784 635 2851 qui
654 2783 784 2839 resolutus
801 2780 887 2833 iellaci
904 2795 993 2832 amore
1010 2780 1121 2847 palmam
1138 2782 1186 2834 de-

167 2879 264 2935 dicabit
281 2880 378 2935 Veneri
396 2896 445 2949 pro
464 2881 556 2936 salute.
575 2908 611 2922 -
641 2880 722 2935 Video
746 2880 940 2949 dispositionem
967 2864 1065 2943 rond,
1090 2893 1141 2935 nec
1158 2886 1186 2933 te

168 2978 245 3031 letnit
270 2994 348 3049 epero
378 2980 406 3032 in
434 2978 483 3033 lrec
512 2978 624 3047 repetite
651 2978 834 3045 obiurgatione
860 2985 888 3032 et
919 2978 1059 3031 minatione
1086 2991 1187 3045 poenae

168 3092 245 3144 quern
265 3077 372 3146 pulchre
389 3092 438 3147 per
453 3062 550 3145 &adue
563 3079 695 3146 procedat
712 3084 848 3132 crescente
864 3076 961 3130 ell'ectu
985 3076 1124 3146 explicatio
1144 3090 1188 3129 re·

169 3188 243 3238 rnrn,
259 3172 344 3229 donec
360 3176 387 3229 in
408 3177 461 3229 tine
479 3176 566 3228 onmia
583 3176 704 3229 absolute
721 3175 820 3228 videar.
855 3175 923 3230 Nem
942 3192 1000 3229 cum
1017 3177 1043 3228 iu
1061 3174 1189 3244 principio

170 3274 285 3328 breviter
307 3275 485 3344 obiurgaverit
508 3278 605 3330 laesum
631 3292 762 3342 amorem,
792 3292 854 3329 mox
876 3275 1042 3351 tribueJocie
1059 3273 1188 3343 predatiru

168 3373 319 3441 levitatem,
336 3376 441 3443 periurii
459 3377 630 3446 pronitatem,
648 3381 677 3428 et
695 3376 825 3441 ingratum
843 3373 955 3425 animum
972 3373 1048 3441 pueri
1065 3371 1122 3425 inee
1140 3386 1189 3425 er·

168 3474 249 3544 plicet
274 3481 356 3543 etque
381 3479 513 3544 exagitet,
539 3478 625 3546 iprum
644 3483 732 3529 eutem
756 3470 854 3526 iactum
880 3471 913 3523 ab
939 3486 971 3527 eo
996 3470 1136 3529 admistum
1162 3470 1189 3524 in

170 3572 242 3625 exitu
267 3573 372 3631 deinum
400 3578 471 3631 clere
497 3578 679 3644 cognoscimus
704 3576 782 3644 quale
807 3572 902 3637 inerit,
931 3570 1083 3641 decrepito,
1111 3570 1190 3627 foedo

173 3670 291 3738 podagre
307 3678 364 3730 reni
382 3679 484 3733 scillcet
502 3694 562 3733 eum
581 3678 754 3741 eccubuinee,
774 3672 868 3728 callide
886 3679 964 3741 poeta
981 3674 1018 3727 ite
1036 3687 1191 3743 ruepenenru

171 3773 276 3823 tenente
292 3773 418 3828 lectorem
436 3756 472 3853 ed
492 3779 579 3833 linem.
617 3777 744 3833 Similiter
769 3775 824 3827 iere
846 3786 948 3842 poenae
971 3771 1190 3825 denuntiationem

169 3865 300 3919 tractavit.
343 3869 464 3937 Divinam
482 3875 585 3941 quidem
603 3877 728 3930 ultionem
746 3872 852 3943 periurii
870 3870 1017 3938 graviorem
1035 3869 1191 3936 deprecetur

169 3969 196 4020 in
215 3964 355 4037 principio,
372 3971 513 4029 leviorr⁷bm
530 3984 678 4043 couterino,
702 3976 760 4046 ipre
779 3989 841 4028 vero
859 3972 885 4024 in
903 3970 986 4024 eltere
1003 3973 1078 4037 parte
1095 3966 1191 4019 cerui·

169 4065 211 4119 nie
228 4079 286 4118 earn
304 4082 389 4134 puero
407 4082 518 4136 poenam
534 4074 644 4145 imponit
661 4082 692 4132 ut
709 4075 802 4130 aberae
821 4087 880 4127 eum
899 4070 987 4125 iubent
1005 4069 1030 4123 in
1049 4071 1190 4135 metere,

169 4162 246 4216 cuine
265 4164 301 4217 rei
323 4164 457 4220 trietitietn
476 4166 570 4224 deinde
587 4174 704 4241 pluriter
716 4172 834 4241 'explicet
853 4171 879 4224 in
898 4170 963 4233 liner
982 4168 1014 4222 de
1031 4168 1191 4233 corruptorii
1227 4224 1231 4231 ,

844 4274 907 4332 12*
