3009 4725
317 398 460 440 nxxxvur
725 376 783 439 DE
805 375 926 445 POEst

317 560 446 612 restant.
504 548 602 627 Igitur
630 549 771 611 tractatio
803 555 975 632 argumenti
1005 555 1039 614 in
1068 555 1169 618 medio
1199 561 1336 621 carmine

316 666 395 728 haec
415 676 475 745 est,
497 678 532 726 ut
553 664 667 745 partim
687 686 747 745 per
767 667 927 728 breviores
951 671 1118 731 sententias
1139 671 1335 752 procedatur,

316 783 431 860 partim
454 779 677 859 descriptiones
697 795 858 861 ponantur
878 786 1011 845 maiores
1032 789 1219 850 minoresve.
1268 789 1335 850 De·

316 895 500 973 scriptiones
518 906 623 954 autem
639 916 723 957 uiroc
738 896 915 973 singulatim
930 899 1088 960 habentur
1102 904 1230 981 positae,
1251 925 1335 966 nunc

316 1007 498 1069 coniunctae
528 1021 602 1070 sunt
629 1011 752 1089 plures,
784 1033 819 1073 ac
841 1011 974 1074 vidimus
995 1025 1059 1075 tres
1087 1013 1165 1077 adeo
1185 1016 1272 1096 iungi
1297 1016 1336 1077 atl

316 1144 411 1184 unam
432 1126 582 1184 maiorem
604 1126 765 1187 ciuitatem.
807 1129 874 1187 Iam
898 1125 968 1190 vide
992 1127 1160 1206 elegiarum
1183 1128 1336 1191 diversam

316 1236 570 1315 magnitudinem.
620 1239 657 1299 In
680 1241 785 1319 parvis
808 1243 912 1320 elegiis
935 1241 1073 1304 medium
1095 1264 1219 1305 carmen
1241 1246 1336 1307 breve

316 1365 364 1414 est
383 1374 441 1414 nec
459 1350 609 1416 dividitur
630 1357 723 1435 vulgo
745 1355 877 1418 diversis
897 1359 987 1433 locis,
1011 1358 1067 1418 etsi
1088 1360 1138 1421 vel
1159 1359 1209 1418 hic
1226 1359 1335 1418 Tibul·

314 1469 400 1529 liaoa
421 1468 566 1531 nobilitas
587 1472 756 1534 affectuum
778 1472 941 1553 aliquoties
958 1473 1092 1534 variavit
1109 1473 1336 1550 tractationem,

317 1592 353 1641 ut
374 1583 450 1661 eleg.
472 1582 528 1658 LV,
547 1590 577 1645 3.
598 1585 728 1664 pulchre
750 1585 878 1644 sactum.
928 1583 993 1646 Ubi
1018 1604 1094 1646 vero
1117 1588 1251 1647 maiores
1273 1589 1336 1647 ele·

315 1693 400 1774 gius,
432 1710 604 1759 nascuntur
632 1700 726 1777 vulgo
750 1698 878 1760 Tibullo
905 1711 1009 1779 partes
1036 1719 1146 1760 rerum
1174 1698 1254 1760 duae
1284 1711 1338 1760 aut

317 1821 378 1871 tres
400 1812 431 1871 in
454 1809 558 1873 medio
581 1814 733 1890 carmine,
765 1833 846 1894 quae
868 1815 920 1875 vel
940 1812 1161 1894 simpliciorem
1184 1811 1337 1894 composi-

316 1924 434 1986 tionem
453 1926 585 2003 habcnt,
604 1938 641 1987 ut
660 1927 694 1986 in
716 1926 792 2003 eleg.
805 1926 829 2000 Ι,
847 1931 876 1985 1.
898 1927 938 2001 II,
953 1932 998 2002 6.,
1020 1928 1072 1988 vel
1092 1926 1336 2005 magnificentius

316 2058 348 2100 se
371 2038 558 2116 extendunt,
582 2041 684 2102 tribus
704 2035 784 2099 adeo
808 2050 842 2099 ut
862 2037 929 2099 dixi
948 2038 1206 2120 descriptionibus
1227 2039 1261 2099 in
1282 2038 1335 2099 tali

314 2167 403 2236 parte
426 2155 614 2229 coniunctis,
637 2153 670 2212 id
692 2150 780 2232 quod
799 2170 892 2231 saepe
913 2153 948 2214 fit
966 2154 1000 2214 in
1020 2154 1122 2230 elegiis
1144 2151 1182 2210 od
1200 2151 1334 2227 Deliam,

308 2285 450 2351 quarum
465 2268 601 2326 maxima
615 2262 797 2346 amplitudo.
826 2264 1095 2342 Quemadmodum
1109 2281 1185 2324 vero
1200 2261 1334 2322 interior

314 2396 470 2446 structura
495 2385 608 2444 harum
635 2381 772 2462 partium
793 2383 911 2464 ubique
939 2391 1082 2441 aestuata
1104 2391 1136 2439 et
1156 2381 1258 2454 clara,
1288 2377 1334 2437 ita

314 2501 401 2580 ipsae
430 2497 519 2558 facile
549 2509 663 2557 coeunt
690 2498 724 2559 in
753 2516 903 2559 summam
930 2505 959 2555 et
984 2493 1151 2555 maximam
1181 2493 1335 2554 unitatem

316 2610 476 2686 carminis,
510 2623 541 2672 et
558 2620 729 2694 'nunquam
756 2630 822 2671 non
850 2622 951 2671 totum
973 2608 1124 2672 exhibent
1146 2608 1335 2670 absolutum.

315 2725 441 2800 Veluti,
476 2738 512 2787 ut
540 2728 718 2809 exemplum
751 2704 886 2808 ponam,
925 2727 1003 2805 eleg.
1023 2726 1056 2801 Ι,
1079 2730 1110 2785 5.
1139 2722 1174 2785 in
1205 2721 1334 2785 discidio

314 2843 415 2922 prima
441 2862 514 2922 pars
540 2842 652 2905 flebilis
678 2842 834 2903 miseriam
857 2853 969 2923 poetae
994 2840 1139 2921 exponit,
1168 2840 1266 2900 altera
1287 2835 1335 2899 di-

314 2954 428 3021 rectius
448 2957 630 3038 aggrediens
651 2957 789 3037 patellam
808 2968 838 3017 et
857 2956 982 3018 fortiori
1003 2955 1035 3016 vi
1058 2973 1165 3014 causas
1187 2955 1335 3015 amolitur

315 3068 447 3133 discidii.
503 3069 645 3152 Utraque
675 3082 778 3131 autem
805 3067 935 3129 diversis
960 3065 1036 3126 locis
1063 3077 1199 3143 constat,
1232 3066 1333 3148 prima

313 3186 429 3263 tribus,
461 3190 558 3246 altera
586 3183 709 3247 duabus
736 3183 995 3264 descriptionibus
1024 3194 1179 3246 contexta.
1229 3183 1332 3264 Atque

312 3301 356 3363 ita
377 3301 495 3379 ubique
522 3301 602 3361 bene
625 3321 799 3380 congruere
822 3299 926 3362 omnia
951 3317 1028 3358 mox
1048 3316 1196 3359 recensus
1222 3295 1332 3359 carmi·

314 3434 391 3474 num
414 3409 546 3474 docebit.
592 3410 686 3487 Quod
710 3411 846 3491 denique
869 3410 1097 3472 coniunctionis
1119 3411 1201 3488 leges
1222 3409 1332 3468 attinet

311 3529 347 3590 in
367 3526 417 3587 his
441 3526 583 3606 partibus
605 3524 787 3589 ordinandis
807 3526 1002 3604 observatas,
1031 3522 1201 3586 seeundum
1222 3515 1331 3597 grada-

312 3643 406 3705 tionis
426 3643 527 3723 legem
547 3647 733 3727 plerumque
756 3661 808 3703 eas
830 3643 890 3705 sibi
912 3640 1076 3706 succedere
1094 3635 1209 3701 videas.
1251 3634 1330 3694 Ter·

312 3759 438 3821 narium
459 3780 627 3822 numerum
650 3774 814 3842 nunquam
837 3771 1044 3839 transgressus
1069 3765 1131 3830 est;
1156 3762 1332 3835 quaterna-

311 3876 378 3936 rius
407 3871 598 3936 iniucundus
626 3883 710 3934 recte
740 3874 834 3936 etiam
863 3871 914 3934 hic
944 3870 1044 3947 visus,
1076 3886 1146 3928 cum
1174 3863 1331 3927 difficilius

312 3989 534 4067 complectatur
555 3989 676 4048 animus
697 3998 814 4046 tantam
833 3982 1070 4063 amplitudinem
1089 3977 1333 4060 corapositienis.

310 4107 484 4185 Aliquoties
519 4109 611 4167 etiam
648 4117 685 4164 ut
720 4104 811 4165 facile
844 4103 1006 4176 coniicias,
1048 4105 1162 4180 paruas
1192 4099 1332 4178 partium
