3009 4725
306 403 364 477 54
617 404 802 476 TIBULLI
836 404 921 477 LlB.
941 405 983 477 11.
1004 417 1030 476 5.

351 589 440 663 Ecce
465 587 549 661 mihi
575 587 688 663 lucent
712 591 850 665 Rutulis
870 590 1030 665 incendia
1056 589 1195 664 castris:

406 720 478 790 Iam
506 718 565 790 tibi
592 719 773 819 praedico,
802 721 950 795 barbare
977 723 1111 807 Turne,
1140 745 1268 791 necem.

351 846 440 920 Ante
461 846 578 924 oculos
600 850 754 924 Laurens
777 869 923 924 castrum
941 876 1126 948 murusque
1144 848 1264 921 Lavini
1280 865 1329 920 est

313 997 351 1051 50
409 976 564 1077 Albaque
583 978 632 1062 qb
657 980 806 1052 Ascanio
832 979 968 1052 condita
996 978 1099 1076 longa
1126 977 1222 1051 duce.

352 1107 402 1177 Te
430 1091 577 1207 quoque'
592 1106 660 1179 iam
687 1108 804 1198 video,
828 1109 931 1182 Marti
956 1108 1124 1209 placitura
1149 1104 1309 1181 sacerdos

404 1235 485 1325 llia,
520 1235 670 1311 Vestales
697 1238 887 1312 deseruisse
914 1238 1031 1330 locos,

355 1365 633 1467 Concubitusque
660 1358 735 1440 tuos
762 1368 878 1441 furtim
905 1369 1072 1466 vittasque
1098 1366 1244 1439 iacentes

405 1493 450 1566 Et
473 1494 592 1595 cupidi
617 1496 662 1569 ad
686 1497 778 1597 ripas
806 1525 900 1572 arma
925 1498 1040 1573 relicta
1068 1499 1131 1572 dei.

315 1638 351 1694 55
361 1622 497 1722 Carpite
519 1652 623 1714 nuuc,
648 1626 748 1717 tauri,
774 1627 817 1700 de
844 1644 972 1729 septem
998 1631 1173 1704 montibus
1198 1631 1334 1722 herbas,

409 1751 502 1824 Dum
528 1752 622 1827 licet:
659 1753 716 1829 hic
742 1757 977 1854 magunciam
1002 1756 1098 1833 locus
1124 1760 1222 1834 urbis
1248 1762 1319 1834 erit.

354 1881 484 1970 Roma,
518 1898 613 1955 tuum
639 1912 765 1957 nomen
789 1885 888 1958 terris
913 1886 1013 1961 fatale
1037 1890 1215 1987 regendis,

408 2008 489 2106 Qua
515 2038 577 2084 sua
605 2010 647 2085 de
661 2012 768 2087 'caelo
793 2015 960 2116 prospicit
982 2044 1060 2090 arva
1088 2019 1205 2106 Ceres,

361 2137 507 2240 Quaque
533 2159 649 2241 patent
675 2159 770 2216 ortus
795 2161 828 2215 et
853 2171 921 2242 qua
945 2142 1157 2217 fluitantibus
1184 2144 1285 2218 undis

322 2281 359 2337 60
418 2267 507 2342 Solis
535 2268 731 2345 anhelantes
759 2269 865 2344 abluit
891 2271 999 2342 amnis
1027 2299 1141 2370 equos.

360 2398 465 2471 Troia
492 2398 630 2499 quidem
656 2419 736 2473 tunc
761 2426 797 2471 se
820 2398 1001 2471 mirabitur
1024 2417 1057 2472 et
1081 2400 1148 2473 sibi
1175 2400 1266 2475 dicet

411 2530 481 2601 Vos
506 2528 593 2603 bene
619 2546 688 2601 tam
712 2527 816 2625 longa
843 2527 1054 2602 consuluisse
1078 2530 1142 2603 via.

362 2663 452 2734 Vera
477 2689 585 2736 cano:
618 2661 668 2735 sic
693 2687 802 2761 usque
829 2684 941 2733 sacras
968 2659 1107 2733 innoxia
1133 2656 1249 2735 laurus

412 2795 557 2883 Vescar,
589 2811 622 2866 et
647 2811 821 2866 aeternum
849 2791 893 2864 sit
917 2790 1002 2864 mihi
1028 2792 1224 2892 virginitas?

322 2924 457 2997 65Haec
486 2922 609 2996 cecinit
632 2938 723 2993 vates
750 2937 783 2993 et
805 2937 836 2993 te
860 2920 945 3010 sibi,
967 2922 1124 3014 Phoebe,
1154 2923 1291 2999 vocavit

414 3052 553 3125 lactarit
578 3051 670 3124 susas
697 3068 729 3123 et
756 3068 858 3148 caput
883 3069 960 3124 ante
983 3082 1107 3127 comas.

367 3181 544 3283 Quicquid
566 3179 763 3268 Amalthea,
796 3180 961 3281 quiequid
987 3181 1176 3282 Marpessia
1198 3180 1283 3253 dixit

415 3309 622 3413 Herophilo,
647 3308 780 3383 Phoeto
804 3310 976 3410 Graiaque
1004 3309 1097 3410 quod
1122 3308 1273 3398 monuit,

367 3442 532 3542 Quasque
549 3440 685 3516 Albana
711 3468 825 3514 sacras
841 3441 975 3513 Tiberis
995 3466 1057 3539 per
1073 3436 1214 3511 llumiua
1232 3453 1340 3510 sortes

325 3585 362 3639 7⁰
420 3572 569 3645 Portarit
590 3572 681 3646 sicco
707 3568 949 3671 pertuleritque
975 3566 1070 3655 sinu,

399 3802 431 3857 V.
444 3805 487 3854 68.
517 3799 621 3852 Phoebo
647 3811 784 3873 gratoque
808 3798 893 3853 tectio.
942 3796 998 3851 Sed
1022 3797 1121 3867 optime
1146 3811 1215 3849 nuuc
1238 3794 1345 3849 coniicit

327 3905 519 3957 hartmannus
542 3899 677 3954 Pboeto
700 3900 886 3966 Grutaque.
911 3925 946 3938 -
987 3898 1020 3953 V.
1034 3902 1077 3952 69.
1102 3895 1211 3949 Auem
1239 3902 1267 3947 et
1296 3893 1345 3945 Ίῖ-

328 4002 392 4056 hurs
416 4003 496 4056 luant
520 4007 602 4055 rone.
645 3998 718 4052 Ltbrl
743 3997 884 4051 Tiberia
909 3997 1099 4062 euthero,
1128 4010 1246 4063 proquo
1265 3994 1344 4060 vulgo

326 4099 440 4155 Albona
464 4104 597 4166 receptum
622 4095 656 4149 de
678 4096 829 4149 contectura
851 4097 1014 4150 saturarat.
