3009 4725
323 428 398 485 mur
731 408 790 472 DE
815 407 934 478 1’01381

322 593 414 655 lectio
438 587 527 651 docet
555 586 704 652 varietate
733 592 902 656 effectuum
929 607 1015 658 tanto
1042 601 1243 681 conspicuum
1263 621 1340 666 erse.

323 706 423 789 qumis
445 700 528 784 apud
553 704 675 764 nullum
701 706 797 768 olium
819 707 1065 792 deprehenditur
1084 727 1208 794 poetam
1230 717 1340 795 elegia·

322 839 403 882 cum.
445 817 520 877 Erat
541 813 710 877 admodum
730 818 885 899 vividum,
906 821 1063 886 fervidum
1084 826 1151 890 eine
1171 828 1339 908 ingenium,

322 946 358 997 ut
377 937 439 994 iam
460 950 557 1012 supra
576 928 720 1008 vidimus,
741 946 773 995 et
794 955 865 996 cum
887 948 954 1001 toto
976 950 1103 1020 pectore
1124 944 1262 1018 sentiret,
1283 942 1340 1003 do·

319 1050 414 1123 leret,
444 1056 587 1126 cuperet,
616 1057 748 1120 amaret,
781 1057 812 1108 et
833 1049 859 1110 ei
879 1048 968 1132 quod
994 1065 1120 1132 urgeret
1140 1052 1340 1131 desiderium,

320 1180 428 1226 omnee
450 1156 483 1221 id
504 1178 615 1221 senene
635 1179 709 1222 tuoe
733 1175 764 1223 et
785 1165 986 1242 cogitationes
1006 1168 1169 1249 impleret,
1198 1182 1268 1231 orta
1295 1183 1342 1232 est

318 1282 362 1343 eic
381 1280 436 1341 illn
456 1277 586 1357 insignit
613 1276 775 1340 fluctuatio
804 1280 917 1358 animi,
943 1282 996 1343 ille
1022 1284 1127 1346 verina
1154 1296 1258 1346 metue
1278 1285 1340 1348 ltuc

316 1395 390 1457 illuc
412 1413 444 1455 ee
465 1402 607 1468 vertens,
628 1402 661 1452 et
681 1393 788 1454 omniu
810 1394 944 1473 agitans,
966 1415 1172 1475 percurrent,
1196 1417 1277 1478 quae
1299 1394 1340 1457 ad

317 1506 413 1570 finem
440 1504 636 1587 propositum
668 1501 783 1565 ducere
812 1504 1006 1568 viderentur.
1063 1508 1158 1571 Nunc
1187 1512 1340 1591 queritur,

317 1641 402 1682 nunc
429 1617 591 1694 irascitur,
619 1629 816 1696 exsecratur,
844 1621 919 1682 eliae
947 1635 1110 1703 precatur,
1138 1644 1217 1686 mox
1243 1593 1341 1686 terret

315 1735 407 1796 minin
431 1750 606 1814 poenarum
637 1733 833 1811 coelestium,
866 1744 897 1794 et
925 1755 1011 1797 nunc
1039 1737 1167 1798 ianuam
1196 1739 1342 1820 appellet,

316 1867 400 1909 nune
421 1844 558 1928 puellam
578 1841 740 1920 hortatur,
763 1863 848 1905 nunc
870 1866 904 1907 ee
926 1848 1114 1930 alloquitur,
1144 1871 1230 1912 nunc
1249 1849 1341 1914 deni-

316 1963 378 2041 que
399 1967 636 2040 praetereunter
657 1953 816 2034 admonet,
837 1971 867 2021 et
886 1980 968 2043 quae
983 1973 1058 2024 eunt
1071 1963 1132 2025 elia
1151 1962 1341 2024 huiuamodi.

316 2074 378 2139 Sed
400 2073 439 2137 de
459 2071 610 2138 varietate
637 2091 744 2134 rernm
770 2085 802 2135 et
824 2077 993 2136 affectuum
1016 2074 1101 2154 apud
1121 2075 1283 2135 Tibullum
1303 2074 1338 2134 in

315 2182 498 2255 universum
519 2199 640 2251 constat
660 2187 744 2249 inter
764 2207 882 2264 omnen,
905 2208 976 2248 cum
993 2207 1072 2249 vero
1093 2184 1172 2246 illud
1192 2207 1259 2246 non
1280 2208 1337 2248 ex·

313 2307 465 2388 plicarent
479 2305 674 2388 interpreter,
696 2298 855 2383 quomodo
878 2311 943 2361 toln
962 2302 1038 2361 haec
1058 2301 1191 2362 varietas
1208 2299 1247 2362 ad
1264 2305 1337 2366 uni.

314 2433 408 2483 tatem
433 2419 589 2502 poetieam
617 2415 788 2495 compositu
816 2413 873 2491 eit,
902 2416 994 2494 vulgo
1027 2416 1102 2477 artie
1130 2416 1275 2494 ignarum
1306 2433 1338 2481 et

314 2557 407 2600 coeco
429 2510 548 2618 impetu
568 2529 675 2610 vagari
688 2526 820 2591 credunt
835 2529 926 2590 multi
945 2530 1100 2611 optimum
1115 2544 1258 2613 poetam,
1281 2535 1337 2614 qui

313 2652 400 2715 nullo
423 2670 489 2712 uon
509 2648 545 2708 in
565 2645 702 2709 carmine
724 2644 893 2726 pulchrum
915 2642 1060 2708 ordinem
1090 2657 1121 2708 et
1147 2660 1336 2711 concentum

312 2788 418 2831 rerum
445 2764 555 2845 finxit,
591 2757 859 2845 quemadmodum
886 2759 1075 2827 videbimur.
1125 2761 1336 2827 Procedamue

312 2881 435 2946 ordine.

399 2995 455 3056 Eet
482 2992 577 3073 vulgo
607 2989 737 3054 omnino
767 2989 864 3070 elegia
889 2989 950 3051 alia
977 2989 1098 3071 lenior,
1126 2993 1336 3075 tranquillior,

311 3107 488 3187 remissior,
516 3108 576 3168 alia
603 3107 783 3183 nerroeior,
815 3105 989 3181 incitatior,
1019 3106 1253 3184 vehementior,
1280 3107 1335 3169 aed

311 3222 399 3281 nulla
422 3219 489 3281 eine
509 3218 665 3287 viridiore
690 3218 829 3303 quodam
850 3240 957 3284 centu.
1004 3220 1122 3285 Earum
1152 3234 1256 3285 autem
1282 3243 1334 3283 re·

311 3353 399 3411 rum,
424 3352 534 3395 eorum
555 3353 705 3396 rensuum
726 3346 758 3397 et
780 3334 966 3412 affectuum,
992 3355 1072 3417 quos
1093 3355 1217 3397 carmen
1239 3336 1335 3396 hebet

310 3444 398 3508 aliud
422 3446 515 3522 alios,
545 3444 809 3529 quemadmodum
837 3446 871 3508 in
901 3448 1026 3509 musicis
1055 3447 1334 3529 conpositionibus

309 3562 496 3646 primarium
524 3560 653 3624 modum
679 3575 710 3624 et
737 3560 935 3626 harmoniam
963 3561 1088 3639 dicunt,
1120 3563 1164 3625 sic
1190 3568 1219 3624 ir
1245 3564 1334 3640 elegia

309 3676 430 3760 afflans
451 3676 569 3761 qrtt'dom
590 3688 630 3738 ort
649 3683 804 3760 primarius
822 3690 873 3741 out
891 3683 1025 3742 sodoma
1042 3700 1164 3740 summo.
1205 3678 1250 3740 Ac
1265 3678 1333 3759 ple·

309 3815 444 3879 rumque
472 3790 599 3878 quidem
626 3794 772 3858 dilectum
802 3795 940 3876 uliquem
967 3817 1100 3877 regnare
1128 3794 1254 3874 rideas,
1282 3794 1334 3856 cui

308 3920 411 3969 cetera
442 3909 549 3971 omnia
577 3910 716 3971 subiecta
745 3910 826 3988 eint;
856 3908 928 3972 dico
950 3923 1056 3974 autem
1077 3911 1224 3973 affectum
1246 3929 1331 3971 nunc

306 4022 477 4101 generatim
501 4022 657 4107 quidquid
675 4025 827 4102 laetitiae,
850 4022 984 4100 doloris,
1005 4035 1123 4098 metue,
1145 4019 1333 4100 cupiditatis,

307 4134 469 4214 deciderit,
492 4157 638 4218 precum,
663 4142 747 4217 irae,
777 4140 933 4200 minarum
955 4136 1052 4216 elegia
1072 4136 1184 4212 habet,
1215 4144 1246 4196 et
1267 4134 1333 4215 pri-
