3009 4725
351 415 428 458 xvtu
771 389 829 455 DE
854 389 955 456 VITA

280 537 283 544 ¹
352 572 408 656 qui
431 568 552 633 meditus
581 566 664 628 inter
686 572 845 626 matronas
873 577 904 627 et
932 564 1010 628 ailae
1040 567 1216 633 mecanicae
1247 590 1373 636 morum
1415 633 1422 646 ,
1487 557 1488 572 ³

352 683 504 753 suavitate
528 695 559 746 et
582 679 711 745 vecutus
735 677 892 744 libationis
919 680 1070 761 elegantia
1093 682 1287 747 uiuentutam
1308 685 1372 749 Ro·
1487 724 1488 727 =

352 820 476 866 menam
500 797 642 872 tenebat,
674 792 713 854 ci
733 791 759 870 l,
787 797 818 868 6,
838 798 889 854 67.
941 793 986 855 Ac
1012 807 1102 875 pater
1127 808 1271 860 mortuus
1295 813 1371 876 etat,

351 929 452 980 mater
479 909 626 975 laudatur
653 908 836 991 aliquoties,
866 904 931 971 vid.
957 910 983 985 1,
1006 915 1036 986 a,
1058 911 1110 972 st.
1138 908 1165 986 1,
1187 913 1216 987 6,
1238 916 1278 973 63
1303 932 1371 995 sqq.
1432 961 1435 970 ,

351 1030 427 1092 Erat
449 1028 581 1089 honesta
600 1020 717 1085 &milia
737 1031 768 1082 at
788 1040 855 1082 uon
874 1039 981 1100 egena,
1001 1042 1083 1116 quae
1104 1025 1230 1087 ancillas
1251 1025 1371 1108 aliquot
1449 1032 1452 1036 ’
1487 1055 1488 1126 3

350 1145 482 1206 haberet
501 1133 539 1221 (l,
564 1144 595 1213 a,
619 1133 701 1219 87.)‚
721 1145 754 1197 et
775 1137 921 1200 servabat
938 1136 1079 1202 illaesam
1102 1137 1284 1220 pudicitiam
1303 1140 1369 1204 De·
1394 1201 1397 1214 ,

349 1255 411 1331 lia,
430 1264 467 1315 ut
490 1248 630 1328 uidetur,
658 1269 729 1312 cum
751 1247 890 1332 primum
911 1248 1031 1316 Tibulli
1052 1256 1191 1318 amorem
1211 1254 1369 1331 meimet,
1487 1255 1488 1258 ’

351 1365 407 1450 qui
426 1366 460 1427 in
479 1361 715 1428 matrimonium
734 1362 861 1448 quidem
884 1363 1000 1430 ducere
1022 1387 1091 1430 eam
1116 1388 1183 1432 non
1206 1369 1368 1448 cogitabat,

349 1491 386 1543 ut
405 1497 570 1564 perperam
590 1480 692 1545 uuum
722 1476 883 1562 Spohnio,
912 1495 943 1545 at
970 1501 1031 1564 pro
1058 1506 1159 1550 amora
1182 1504 1288 1550 secum
1310 1485 1368 1552 ba·

348 1596 425 1657 bere
447 1595 572 1657 uolebat
602 1605 634 1655 et
662 1603 766 1658 tenore
798 1592 838 1660 ad
868 1610 1020 1677 murtam,
1051 1599 1080 1661 si
1106 1599 1169 1663 fida
1196 1601 1368 1666 mansisset.
1487 1641 1488 1648 κ

348 1705 444 1784 Quod
463 1728 529 1771 non
552 1707 635 1770 fecit.
682 1706 767 1774 Nam
793 1705 955 1789 Tibullus,
984 1713 1040 1795 qui
1061 1709 1144 1777 civili
1166 1714 1250 1778 bauo
1270 1711 1368 1780 inm.

348 1841 416 1887 esse
435 1823 590 1899 noluerat,
609 1817 718 1902 paullo
737 1835 811 1904 post
829 1823 946 1887 iterum
964 1826 1112 1892 inuitatus
1133 1849 1152 1892 a
1171 1825 1308 1894 Messala
1327 1826 1369 1894 ad
1487 1853 1488 1860 ¹

345 1938 569 2023 Aqtaitaaieum
587 1938 714 2016 bellum,
734 1959 849 2019 negare
869 1938 1035 2023 dubitauit,
1055 1957 1087 2008 et
1105 1946 1165 2008 sub
1182 1945 1276 2009 tuen
1292 1963 1365 2008 aun.

346 2061 420 2118 723.
444 2073 516 2116 ctam
535 2054 596 2115 boc
616 2048 686 2116 uiro
708 2054 744 2115 in
766 2053 899 2118 Gelliam
918 2060 1078 2135 profectum
1099 2068 1160 2132 est,
1187 2029 1282 2138 ouem
1301 2055 1365 2120 dis-
1428 2135 1438 2152 ι

347 2191 467 2234 sessum
487 2163 634 2230 describit
653 2168 678 2246 l,
700 2172 719 2228 3
743 2173 762 2227 9
785 2187 855 2249 sqq.
906 2167 1079 2230 Debellatis
1099 2167 1282 2250 Aquitanis,
1313 2172 1364 2234 cui

345 2283 393 2346 rai
414 2277 592 2345 interfuisse
610 2301 644 2344 se
665 2290 759 2362 poeta
779 2280 804 2356 1,
820 2286 851 2356 7,
872 2284 903 2345 9.
921 2280 1087 2360 gloriatam,
1105 2281 1241 2348 Messala
1262 2283 1363 2349 couti·

345 2417 410 2460 nuo
438 2395 479 2460 ad
507 2395 673 2461 *Orientem
702 2392 955 2476 componendum
982 2398 1022 2459 ab
1052 2398 1194 2477 Augusto
1222 2410 1362 2478 vocatur,
1487 2408 1488 2489 p

344 2513 488 2575 Tibullus
519 2511 701 2587 comitatur,
732 2508 785 2572 sed
814 2509 848 2571 iu
877 2509 1016 2592 Corcyra
1041 2510 1154 2574 morho
1186 2510 1363 2594 corripitur.
1487 2528 1488 2593 l

343 2626 479 2688 Messala
504 2625 665 2687 continuat
684 2624 745 2686 iter
752 2668 762 2703 ‚
783 2634 815 2685 et
837 2618 994 2702 Ciliciam,
1022 2623 1161 2706 Syriam,
1185 2626 1362 2708 Aegyptum

344 2738 520 2822 componit,
551 2736 591 2799 ds
612 2759 676 2821 quo
697 2736 782 2821 apud
803 2739 965 2803 Tibullum
986 2740 1011 2818 1,
1030 2744 1060 2815 7,
1084 2745 1124 2803 13
1143 2761 1213 2825 sqq.
1237 2739 1365 2822 dicituc3
1428 2728 1433 2737 ⁸
1487 2720 1488 2769 l

343 2867 437 2935 poeta
463 2870 624 2914 remanere
651 2864 777 2914 coactam
808 2850 915 2913 scribit
942 2870 1037 2915 carm
1061 2852 1086 2926 I,
1110 2862 1141 2915 3.
1173 2857 1232 2917 sub
1253 2869 1362 2919 auctu.
1487 2880 1488 2883 =

342 2990 452 3032 mnam
473 2989 546 3030 ann.
568 2967 641 3028 724.
684 2965 725 3025 cl.
746 2959 866 3021 lutrod.
889 2960 930 3023 ad
953 2961 1090 3038 elegiam,
1107 2976 1137 3025 et
1156 2965 1244 3033 haud
1266 2966 1361 3035 dubie

343 3102 410 3145 non
432 3082 531 3141 multo
555 3088 629 3154 post
654 3075 723 3153 ipsa
747 3071 842 3133 etiam
861 3070 942 3135 redit
962 3070 1107 3139 Romam.
1155 3075 1215 3139 Hic
1239 3079 1362 3149 invenis

340 3189 466 3252 Deliam
487 3197 699 3265 aegrotantem
714 3183 843 3264 opinor,
864 3184 926 3249 nisi
942 3187 1050 3267 paullo
1071 3201 1144 3268 post
1162 3191 1196 3252 in
1213 3198 1360 3263 morbum

340 3300 463 3378 incidit,
495 3312 526 3364 et
553 3311 622 3362 tum
644 3296 800 3382 praestitit
826 3300 929 3364 officie
961 3300 1114 3384 descripta
1143 3306 1169 3382 I,
1193 3311 1223 3385 5,
1247 3317 1266 3371 9
1288 3331 1359 3395 sqq.

340 3415 510 3477 adlectum
524 3413 592 3475 eius
607 3410 676 3495 ipsa
691 3414 804 3476 bieme.
845 3412 1058 3497 Exposuimus
1076 3418 1110 3483 ia
1125 3418 1358 3487 introductione

340 3527 382 3591 ad
402 3525 481 3591 illud
503 3546 628 3591 carmen
652 3526 691 3592 de
712 3528 774 3591 alio
797 3542 938 3613 tempore
962 3534 1090 3613 cogitari
1110 3531 1270 3599 commoda
1291 3554 1356 3597 uon

339 3663 441 3727 poste.
490 3640 763 3721 Quemadmodum
783 3661 887 3711 autem
913 3670 1010 3732 supra
1027 3652 1061 3714 in
1082 3648 1181 3730 prima
1200 3650 1274 3716 libri
1292 3652 1355 3715 ele·

340 3761 388 3839 gie
409 3754 546 3821 uidimus
566 3773 640 3842 post
659 3762 801 3825 coniectu
815 3748 969 3843 stipendia
982 3762 1139 3846 equestria
1155 3759 1195 3827 ad
1209 3764 1355 3829 rusticam
1382 3772 1386 3781 '

338 3872 435 3935 vitam
450 3873 659 3938 manaturum
675 3888 811 3957 postona,
831 3877 876 3938 sio
896 3896 980 3939 nunc
1000 3886 1075 3956 poet
1088 3871 1225 3943 reditum
1242 3898 1283 3945 ex
1304 3900 1354 3943 aa·

338 3988 521 4052 acutissimis
546 3991 692 4073 periculis
713 3992 829 4055 fortius
850 3991 984 4070 resmgit
1003 3989 1086 4054 ruris
1109 4011 1206 4055 umor.
1257 3995 1355 4058 Vole-

337 4107 392 4168 bat
417 4106 512 4187 igituc
535 4106 660 4171 undem
682 4107 786 4171 missis
811 4105 975 4169 itineribus
1005 4106 1123 4171 bellicis
1154 4106 1194 4172 ad
1222 4109 1353 4173 inertem
