3009 4725
490 239 599 303 LlBR.
621 241 677 303 lv.
708 237 851 304 CARM.
872 243 897 304 1.
1135 249 1197 308 423

173 420 284 471 amicum
308 417 350 469 vei
375 416 408 467 ad
435 415 594 483 penedosas
618 422 744 470 terrarum
766 417 856 486 pingas
873 431 925 470 noa
943 424 986 472 est
1002 418 1135 487 indignum
1154 422 1195 474 in-

172 534 259 584 genuo
277 516 395 580 tremine,
414 517 441 566 et
461 515 547 566 aoiern
564 514 619 566 iere
636 515 785 569 solemniter
803 521 896 585 poetae
914 517 953 570 sic
970 517 1104 571 decierare
1121 533 1194 572 aare

174 618 208 668 ris
232 616 414 681 amicitiaeque
439 613 547 664 intimae
569 593 788 680 magnitudinem,
816 614 850 667 ci.
870 615 1138 670 Mrnseuennrcnrurr
1160 615 1194 668 ad

172 717 264 769 Horat.
283 715 318 778 11,
337 718 364 779 6,
380 714 436 767 init.
480 712 557 766 Nunc
575 719 662 766 antem
680 712 722 768 bio
740 722 819 783 poeta
838 732 887 783 pro
905 715 1021 768 Messala
1038 715 1125 767 densis
1144 712 1192 767 bo-

168 820 245 870 stium
271 817 363 870 turmis
386 817 458 869 solus
482 816 611 869 obsistere
631 822 677 869 ant
702 816 729 868 in
749 817 848 870 Aetnae
868 816 984 870 flamm
1008 832 1038 869 se
1062 816 1192 869 coniicere

168 932 278 970 ausurus
295 916 413 983 proiecto
432 915 538 969 modurn
558 917 662 971 excedit
680 919 706 969 in
724 918 819 970 tatibus
845 917 997 984 tenendum,
1023 922 1052 970 et
1076 917 1190 985 speeiem

170 1013 264 1065 iubent
291 1012 356 1066 bace
386 1015 441 1067 aire
468 1015 606 1068 iactantiae
633 1017 689 1069 sire
720 1016 877 1069 adutationis
909 1017 1021 1085 ineptae.
1067 1016 1191 1071 Ceternnr

150 1108 328 1165 'flaccentes
354 1101 471 1195 defendit
496 1114 694 1167 cobocatiouern
722 1115 859 1184 verbornnn
888 1113 963 1167 solus
992 1114 1097 1175 (terreis,¹
1131 1130 1190 1168 nam

167 1218 265 1267 turmas
289 1214 385 1268 deusu
408 1231 481 1281 esse,
504 1216 557 1281 ait,
580 1231 631 1268 non
655 1216 760 1269 mirum.
796 1203 863 1268 Sed
877 1222 955 1284 pocta
974 1216 1089 1285 'opponit
1111 1216 1191 1270 credo

166 1313 326 1376 cogitatione
350 1312 438 1363 densis
462 1312 553 1362 turmis
576 1311 693 1375 singulos
717 1313 819 1376 equites
837 1314 925 1382 plures
942 1331 958 1366 a
974 1316 1053 1368 variis
1072 1316 1189 1384 partibus

166 1409 303 1460 irruentes.
340 1407 399 1462 Nee
416 1408 487 1477 quod
506 1410 532 1461 in
555 1411 673 1476 sequenti
691 1425 768 1463 versu
783 1428 901 1478 parvum
920 1417 1102 1486 praeponitur,
1129 1415 1190 1469 inde

165 1505 264 1559 efficias
283 1505 324 1560 bic
341 1505 416 1567 solur
432 1507 610 1576 praepositum
627 1506 707 1559 inisse
727 1508 761 1559 ab
779 1512 902 1573 auctora,
922 1525 981 1562 nem
998 1514 1085 1564 suevis
1103 1515 1189 1565 raria-

165 1606 203 1658 tio
229 1606 254 1658 in
277 1607 387 1672 talibus,
411 1609 434 1660 si
457 1610 520 1660 iicet
543 1608 651 1662 variare.
669 1637 706 1649 -
733 1608 933 1660 subsistere
958 1606 982 1659 b.
1002 1623 1026 1661 e.
1051 1609 1188 1677 obsistere,

165 1705 224 1758 er·
241 1706 354 1775 xxvii,
371 1714 405 1762 ic
432 1707 552 1760 Maxima
570 1707 653 1759 naevii
674 1717 771 1777 patrea
796 1704 981 1758 Hasdrubalis
1005 1707 1142 1759 transitus
1158 1707 1188 1759 in

164 1804 279 1855 Italiam
301 1804 349 1857 uix
375 1805 527 1857 Hannibali
544 1816 629 1877 atque
645 1805 704 1857 eiua
729 1803 813 1856 armis
836 1803 1032 1856 subsistentem.
1050 1833 1086 1844 —
1112 1822 1187 1872 pnr—

164 1918 237 1954 vum
262 1920 404 1973 corpus,
429 1877 509 1958 crido
531 1910 562 1957 ut
582 1918 658 1955 ornne
675 1917 770 1970 corpus
788 1901 925 1954 humanum
943 1916 1049 1970 pervum
1065 1909 1106 1954 est
1123 1918 1186 1969 prae

163 2005 208 2054 tnii
226 2005 335 2058 flamma.
373 2006 435 2060 Quo
454 2005 537 2058 maior
554 2003 686 2056 ridebitur
702 2002 818 2056 andreia.
855 2001 941 2069 Atque
958 2004 995 2054 ita
1012 2002 1183 2054 Donrrnnrus

164 2105 235 2171 cepit
251 2103 284 2155 ad
305 2101 402 2156 charit.
424 2119 451 2170 p.
467 2107 529 2156 666.
555 2103 628 2171 Lips
654 2117 808 2170 comparans
826 2100 936 2154 Minis.
953 2101 986 2166 V,
1005 2103 1068 2152 591.
1106 2101 1184 2152 Ben-

161 2216 274 2255 nunnus
297 2219 359 2256 raro
382 2202 416 2256 nd
433 2204 555 2272 Propert.
573 2204 595 2269 l,
615 2208 642 2268 6,
659 2207 685 2255 u.
704 2222 731 2274 p.
750 2208 795 2257 60.
820 2203 925 2256 coniicit
945 2219 1069 2271 pronum.
1105 2202 1183 2256 Van»

162 2314 223 2348 erus
239 2300 338 2362 graeile
356 2314 389 2350 ac
407 2304 485 2352 teum
509 2303 711 2367 interpretatur,
738 2307 769 2353 nt
792 2302 828 2353 sit
849 2301 1055 2379 adolescentium
1073 2302 1182 2367 elegen·

162 2398 226 2448 tinrn
249 2404 277 2448 et
294 2403 438 2449 amatorum
455 2414 567 2465 corpua3
593 2400 663 2463 quod
682 2402 807 2467 ineptum.
843 2403 959 2454 Vossius
978 2403 1035 2453 Nec
1049 2401 1182 2470 pauidum

161 2494 280 2563 scripsit,
297 2494 406 2546 similem
425 2491 509 2545 locum
528 2507 681 2560 comparans
698 2495 854 2545 Ceruaria.
872 2495 959 2559 XVII,
979 2502 1055 2562 194„
1081 2499 1126 2552 ubi
1146 2498 1180 2551 de

21 2589 23 2600 '
67 2626 71 2633 .
161 2599 246 2650 iunior
265 2598 356 2649 Irruet
370 2593 521 2662 intrepidae
528 2590 658 2661 flammis,
677 2589 788 2640 hiberna
802 2589 901 2641 secabit
917 2593 1054 2662 Aequora,
1073 2598 1182 2668 conser-

162 2705 206 2748 roa
231 2695 322 2748 bosrae
347 2691 487 2764 superabit
514 2691 630 2744 inarmis.
678 2691 842 2743 Huscusrus
873 2699 959 2745 antem
992 2708 1040 2741 nec
1068 2710 1180 2759 parcam

162 2798 294 2864 emendat,
321 2798 457 2864 eleganter
479 2811 557 2860 sane,
582 2794 629 2847 aed
655 2808 746 2847 vereor
771 2807 804 2845 ne
829 2792 969 2844 inieramus
994 2792 1136 2856 elegantias
1153 2794 1180 2846 in

161 2895 210 2949 boe
234 2910 354 2961 carmen,
378 2893 413 2947 de
436 2894 529 2961 quibus
553 2896 646 2945 auctor
670 2906 721 2943 non
745 2892 907 2957 cogitaverit.
950 2890 1082 2959 Equidem
1106 2896 1178 2944 rerte

160 2995 221 3050 nibil
239 2995 281 3050 bio
298 3001 380 3050 muto.
422 2994 563 3048 Manifesto
581 2995 650 3047 enirn
667 3009 693 3046 r.
708 3008 825 3061 pervum
844 2990 967 3059 opposuit
983 3005 1008 3043 r.
1029 2988 1180 3046 Aetnaeae,

161 3093 185 3147 b.
204 3112 228 3149 e
245 3097 343 3164 ingenti
362 3097 480 3149 dammae
497 3096 606 3150 bennae.
624 3123 659 3136 -
685 3096 860 3150 Aetnaeae
881 3090 1050 3154 fiammae,
1074 3087 1178 3154 ignibus

160 3197 249 3262 quates
267 3198 390 3261 Aetnaei,
415 3196 453 3248 ait
471 3197 594 3249 Vossius.
629 3194 684 3248 Sed
708 3191 798 3259 quidni
818 3190 901 3259 ipsius
919 3185 1042 3241 Aetnaei
1078 3185 1177 3240 Crosa.

158 3294 192 3347 de
210 3294 270 3350 Nat
288 3296 367 3350 Deor.
385 3294 420 3361 11,
436 3299 489 3347 aas
514 3297 621 3363 eruptio
640 3294 825 3346 Aetnaeorum
849 3289 961 3361 ignium.
998 3286 1074 3340 Adde
1097 3301 1176 3355 supra

157 3410 181 3447 r.
194 3398 240 3447 56.
251 3420 285 3434 -
304 3393 338 3447 V.
353 3397 414 3446 tet.
434 3396 494 3445 196.
512 3392 610 3460 optime
626 3390 788 3458 interpunxit
804 3388 1052 3443 1161116666·-
1069 3402 1175 3454 regna

159 3491 287 3558 Lydia,
310 3492 359 3557 111,
376 3496 403 3557 6,
420 3495 520 3543 290-
552 3489 637 3541 itura
663 3487 825 3556 Gylippi,
854 3488 898 3553 qui
925 3486 1030 3540 celeber
1057 3489 1099 3537 est
1122 3483 1175 3535 dux

158 3588 386 3655 lacedaemonias,
403 3590 574 3656 Syracusanis
591 3589 617 3640 in
635 3587 704 3641 bello
721 3586 943 3654 Peloponnesiaco
956 3584 1080 3636 aduersus
1094 3579 1176 3633 Atbe·

157 3689 259 3739 rdenses
286 3703 302 3736 a
329 3688 464 3754 Spartanis
492 3688 590 3739 anxilio
616 3688 719 3741 missua.
764 3685 878 3736 Centum
907 3686 935 3731 et
960 3682 1069 3747 triginta
1097 3695 1177 3732 nares

157 3780 349 3835 Adreniansium
366 3787 437 3851 cepit
455 3784 618 3851 incenditque
637 3793 665 3839 et
681 3788 828 3853 Syracusas
846 3779 882 3830 nb
900 3777 1036 3831 obsidione
1052 3776 1178 3830 liberavit.

157 3884 266 3937 Constat
283 3883 317 3935 de
341 3898 374 3935 co
398 3899 432 3935 ex
453 3886 614 3943 Tuncrum.
634 3894 694 3952 libr.
712 3888 759 3947 111.
778 3888 808 3938 et
825 3881 893 3937 vin
931 3878 998 3939 bdd.
1016 3880 1141 3932 labuntu-
1157 3879 1183 3927 ³¹¹

156 3980 324 4047 drcbidano,
351 3983 495 4037 Ponranrr.
520 3987 677 4067 Strategem·
704 3997 727 4063 1,
746 3990 792 4042 12.
841 3980 1030 4046 Nibiianinus
1052 3980 1142 4034 ninum
1163 3976 1190 4027 iu
