3009 4725
301 408 343 462 90
535 400 819 470 COMMENTAR.
842 407 888 472 IN
908 409 1083 473 TlBULLI

299 575 530 642 persequeris
555 575 774 644 propositum
794 577 1045 644 intentissime,
1070 577 1157 630 nillil
1183 583 1319 634 omniuo

298 692 337 727 nc
356 691 394 727 ne
413 674 649 728 iusiurandum
668 676 804 741 quidem
823 678 978 744 lugiens,
1003 678 1059 731 ubi
1077 678 1163 730 utile
1182 679 1318 731 videbi-

298 780 359 825 tur.
397 774 528 829 Quodsi
546 776 667 828 tardus
685 777 758 830 eris
776 793 837 830 uec
855 779 977 845 quovis
1000 785 1169 845 tempore,
1195 780 1317 843 quavis

297 870 485 924 occasione
507 876 704 940 opportuna
729 874 854 940 uteris,
881 889 943 928 aon
967 876 1087 941 capies
1112 889 1254 943 pueros,
1281 881 1317 927 et

297 969 461 1023 transibit
481 970 552 1025 cito
572 975 671 1024 aetas
689 972 763 1025 sine
782 972 898 1026 fructu
915 973 1050 1024 amoris.

369 1072 402 1126 V.
419 1074 508 1126 9-14.
544 1072 641 1126 Mirum
658 1073 693 1126 sit
709 1073 733 1126 sl
751 1087 871 1137 carmen,
888 1071 932 1125 ubi
950 1072 984 1125 de
1002 1073 1135 1142 capiendis
1152 1076 1241 1144 pueris
1257 1077 1315 1144 egl·

296 1176 354 1234 tur,
379 1171 533 1225 suavitatem
553 1185 692 1239 puerorum
714 1171 796 1239 ipsam
821 1169 926 1223 laudare
951 1171 1084 1239 negligat,
1112 1179 1316 1242 propterquam

296 1277 423 1326 amantur.
458 1270 541 1325 Immo
559 1271 593 1325 ab
611 1270 661 1324 bau
678 1271 755 1324 lande
772 1272 873 1324 initium
891 1271 1037 1325 iaciendum
1056 1274 1113 1327 tuit.
1149 1272 1228 1331 Quod
1247 1289 1315 1326 anno

296 1370 407 1437 Priapus
425 1370 493 1423 bene
510 1372 549 1424 sic
573 1370 652 1438 iacit,
678 1379 707 1425 ut
732 1373 836 1427 omnino
862 1389 954 1427 cavere
979 1374 1068 1427 iubeat
1091 1373 1124 1426 ab
1148 1388 1238 1426 eornm
1266 1372 1314 1426 ad-

296 1473 402 1534 spectu,
419 1470 442 1521 sl
458 1470 515 1522 tieri
533 1471 632 1538 possit3
650 1472 724 1523 animis
742 1471 811 1524 enim
829 1472 955 1526 lubricum
974 1489 1033 1527 esse
1051 1488 1098 1526 eos
1113 1472 1257 1542 adspicere.
1278 1497 1314 1514 -

295 1567 438 1621 credere
456 1576 503 1634 te,
528 1567 554 1623 b.
569 1585 592 1624 e.
611 1570 684 1624 adire
702 1587 823 1632 securum
841 1573 943 1627 turbam
961 1573 1009 1626 tibi
1027 1573 1215 1642 periculosam,
1240 1571 1314 1637 qnasi

295 1670 367 1716 tutus
386 1666 421 1718 ais
440 1665 485 1719 ubi
506 1667 593 1720 omnia
611 1669 688 1736 plena
705 1670 889 1737 periculorum.
926 1671 1038 1723 UbInana
1056 1686 1119 1723 vero
1136 1668 1234 1722 videbit
1251 1685 1316 1722 coe·

296 1770 339 1816 tus
362 1765 428 1818 tales
451 1767 613 1833 puerorum?
650 1767 680 1820 la
707 1785 801 1837 campo
828 1769 941 1835 Martio,
966 1778 1045 1840 puta,
1071 1770 1116 1824 obi
1140 1770 1316 1837 gymnasticae

296 1862 497 1916 exercitationes
514 1879 654 1931 puerorum
672 1863 852 1933 habebantur,
869 1869 959 1934 quales
977 1867 1026 1922 hoc
1044 1871 1103 1922 ioco
1121 1874 1248 1922 memorat
1266 1867 1315 1919 Ti·

296 1961 396 2014 builusr
422 1962 563 2030 equitatio,
590 1964 689 2016 natatio
715 1965 741 2015 in
761 1964 868 2031 Tiberi,
894 1964 946 2019 vid.
965 1966 1076 2021 Horta.
1094 1966 1141 2030 ΙΙΙ,
1160 1972 1185 2030 7,
1202 1969 1238 2016 25
1255 1981 1312 2029 sqq.

292 2059 360 2113 aad.
378 2060 442 2125 1,e,
458 2063 477 2112 3
495 2076 552 2128 sqq.
571 2061 619 2127 111,
639 2066 682 2128 12,
700 2068 726 2118 o.
745 2067 791 2130 at,
808 2068 853 2117 54.
872 2066 920 2131 lv,
940 2071 963 2130 l,
982 2067 1025 2118 tin.
1044 2073 1072 2118 et
1090 2067 1197 2119 Vsaar.
1217 2064 1250 2116 de
1267 2063 1309 2114 Re

293 2159 372 2213 Milit.
389 2159 411 2225 1,
431 2164 473 2214 10.
512 2159 585 2215 Haec
603 2161 684 2228 igitur
706 2163 860 2231 campestria
878 2162 965 2215 studia
983 2178 1051 2214 nunc
1069 2163 1182 2229 respicit
1218 2162 1264 2213 Sic
1283 2161 1309 2211 in

293 2260 407 2312 Graecia
424 2260 450 2312 in
468 2260 603 2326 gymnasia
621 2268 648 2313 et
665 2262 808 2328 palaestras
826 2260 913 2325 ibant,
937 2260 982 2325 qui
1007 2274 1102 2325 pueros
1123 2257 1251 2310 formosos
1269 2257 1309 2308 vi-

292 2356 355 2410 dere
373 2359 519 2428 cupiebant.
531 2389 566 2400 -
583 2375 718 2414 causam
735 2358 877 2425 babent,
896 2358 921 2413 b.
935 2376 959 2413 e.
976 2375 1053 2413 causa
1068 2359 1101 2411 iis
1114 2358 1191 2413 inest.
1228 2357 1308 2412 Cona-

293 2462 367 2525 parat
384 2458 626 2513 Wnsrnannnomus
642 2457 724 2529 Sepla
742 2458 841 2513 Electr.
857 2462 927 2513 466:
952 2455 983 2513 ri
1001 2454 1052 2529 γὰρ
1073 2460 1174 2511 δίκαιον
1195 2453 1242 2511 osis
1258 2459 1310 2524 ἔχει

292 2551 368 2622 iiras
384 2555 480 2628 ἐρίζειν,
496 2560 591 2613 iustam
608 2575 660 2613 non
678 2557 757 2613 babet
773 2575 878 2613 ruamus
894 2559 1066 2629 disceptandi,
1083 2564 1111 2611 ct
1125 2558 1188 2611 ibid.
1203 2563 1311 2611 uel.-

292 2658 326 2713 V.
343 2662 374 2710 ll
395 2674 452 2726 sqq.
479 2663 654 2728 angustis,
681 2658 707 2713 h.
727 2677 751 2715 e.
778 2660 905 2714 adductis.
928 2688 963 2699 -
989 2658 1166 2728 placidam.
1202 2658 1311 2712 Fallitur

292 2757 1126 2829 Hnsonarastranspositionemrnivsoplacs'dnmcommeudans.
1144 2757 1309 2811 Manifestum

290 2865 331 2913 ast
348 2861 417 2913 enim
435 2866 518 2913 toturn
536 2861 621 2913 iocum
639 2862 666 2913 ia
684 2862 849 2929 oppositione
867 2860 1026 2913 diversarum
1044 2873 1130 2911 rerum
1148 2857 1262 2923 versari,
1281 2862 1309 2909 at

291 2960 369 3013 toties
387 2960 418 3012 fit
435 2960 461 3011 ia
479 2959 572 3026 elegia.
608 2960 696 3026 Atque
713 2958 756 3012 liic
776 2958 881 3026 quidem
900 2975 969 3027 equo
987 2961 1095 3029 rapido,
1113 2957 1219 3011 habenis
1236 2974 1309 3012 com·

181 3102 189 3117 .
291 3058 437 3126 poscendo,
463 3060 603 3128 opponitur
627 3059 728 3127 placida
745 3075 822 3127 aqua.
859 3061 949 3116 Quare
966 3061 1115 3113 necessario
1133 3056 1183 3113 boc
1200 3058 1308 3110 adlecti-

291 3176 351 3212 vum
369 3160 395 3211 in
413 3159 486 3211 initio
505 3159 660 3226 pentametri
678 3174 736 3210 esre
756 3156 843 3210 debet.
880 3158 1079 3226 oppositionem
1095 3158 1175 3209 etiam
1194 3157 1308 3211 Vossius

291 3274 343 3311 nora
369 3261 554 3326 perspexerat,
580 3257 624 3321 qui
646 3253 762 3327 facilem
787 3272 825 3326 pr.
844 3255 980 3325 placidam
1006 3257 1158 3310 emendavit.
1175 3283 1212 3296 ·-
1243 3256 1308 3309 Hic

173 3370 193 3389 '-
289 3356 396 3424 pellit
421 3371 460 3424 pr.
485 3355 546 3422 quia
571 3354 661 3423 pellit,
688 3353 749 3408 dum
774 3357 854 3424 pellit
892 3356 1014 3409 Ceterum
1039 3356 1073 3410 ci.
1097 3356 1146 3421 lll,
1165 3361 1192 3422 b,
1208 3361 1253 3410 uo.
1271 3381 1307 3395 -

290 3457 304 3508 i
308 3458 399 3508 ortis
417 3458 576 3523 audacia,
594 3458 713 3510 consulto
731 3457 821 3510 addito
840 3456 956 3528 epitheto
974 3458 1006 3510 ad
1025 3458 1171 3525 aagendam
1189 3458 1239 3508 rim
1257 3470 1306 3522 op—

289 3555 434 3624 positionis,
453 3573 512 3610 cum
528 3565 666 3626 sequatur:
685 3559 876 3626 Virgineus
896 3558 1017 3629 pudor,
1035 3559 1067 3611 ci.
1086 3558 1118 3610 ad
1132 3557 1154 3619 1,
1171 3560 1195 3620 l,
1213 3559 1306 3608 62.-

289 3657 361 3704 stat
379 3659 457 3704 ante
474 3669 597 3722 genas,
616 3657 642 3709 h.
661 3673 685 3711 e.
703 3658 859 3726 conspicuus
877 3665 932 3723 est,
960 3659 1056 3710 eminet
1075 3659 1100 3711 ia
1119 3656 1210 3724 genias
1228 3661 1308 3721 tique

289 3751 326 3803 its
344 3750 457 3804 aduertit
474 3754 573 3807 oculos.
617 3756 734 3809 Plariano
754 3757 823 3809 eninr
851 3762 878 3809 et
903 3757 1048 3823 largissimo
1067 3756 1162 3808 rubore
1181 3768 1309 3806 verecun—

289 3849 338 3903 dus
356 3850 441 3921 pudor
457 3853 560 3921 obtegit
578 3871 659 3922 genas
676 3858 818 3922 iuveniles,
842 3874 874 3908 ac
892 3856 951 3908 talis
970 3857 1061 3923 plenus
1078 3863 1105 3908 et
1125 3857 1212 3921 largus
1230 3853 1309 3906 rubor

289 3958 344 4018 cst,
373 3955 416 4021 qai
441 3970 509 4008 nunc
527 3965 602 4007 storo
620 3956 716 4008 dicitur
738 3962 798 4008 ante
821 3971 910 4021 genas.
950 3955 1055 4007 Alienus
1074 3970 1136 4007 nero
1154 3929 1308 4007 Sossnocms

287 4054 314 4104 iu
334 4054 464 4121 Antigona
482 4054 568 4106 iocus:
590 4050 689 4123 Ἔρως,
714 4050 742 4110 ‘ie
765 4056 790 4104 is
815 4055 946 4111 μαλακαῖς
968 4066 1086 4124 παρειαῖς
1107 4053 1219 4111 νεάνιδος
1239 4056 1309 4109 issu,-

284 4146 382 4215 pn'mc,
409 4153 443 4204 de
468 4156 563 4206 Amore
589 4158 692 4204 noctem
717 4153 742 4203 iu
768 4152 841 4218 genis
866 4153 1009 4219 puellarum
1035 4148 1194 4220 transigente
1213 4158 1309 4216 eaque
