3009 4725
312 383 365 457 80
609 379 796 454 T1BULL1
832 381 917 454 ΠΒ.
936 383 992 456 Ν.
1012 397 1038 454 t.

372 567 485 668 Atque
509 564 593 640 baec
619 593 680 640 seu
699 585 834 641 nostras
850 568 940 642 inter
956 585 1037 641 sunt
1051 569 1186 668 cognita
1213 587 1331 662 terras,

330 694 509 770 ttoFabula
534 696 603 770 sive
627 725 754 771 novum
778 697 874 773 dedit
893 696 947 771 bis
975 698 1148 772 erroribus
1174 700 1312 796 orbem,

372 825 425 899 Sit
449 822 680 941 laborillius,
714 844 772 900 tua
799 827 881 899 dum
908 826 1088 915 facundia,
1122 827 1239 900 maior.

421 955 492 1026 lam
521 971 552 1027 te
574 982 645 1026 uon
670 952 756 1027 alius
782 952 862 1028 belli
888 971 978 1028 tenet
1003 955 1116 1056 aptius
1143 974 1249 1046 artes,

373 1081 453 1179 Qua
479 1082 596 1156 deceat
619 1099 725 1156 tutam
750 1083 868 1157 castris
891 1084 1100 1185 praeducere
1123 1084 1269 1173 sussum,

373 1209 530 1308 Qualiter
553 1209 713 1284 adversos
733 1211 823 1286 hosti
851 1212 998 1310 deligere
1022 1240 1156 1302 cervos,

330 1338 526 1436 &Quemve
552 1339 665 1414 locum
691 1340 795 1415 ducto
821 1339 942 1415 melius
968 1341 1012 1416 sit
1044 1341 1201 1416 claudere
1226 1339 1330 1431 vallo,

370 1469 538 1544 Fontibus
564 1488 603 1543 ut
628 1469 744 1546 dulces
771 1487 929 1571 erumpat
953 1488 1041 1545 terra
1069 1469 1236 1571 liquores,

370 1602 418 1672 Ut
443 1599 620 1702 facilisque
646 1601 712 1674 tuis
739 1599 852 1674 aditus
878 1600 922 1673 sit
948 1617 980 1674 et
1002 1600 1132 1673 arduus
1157 1599 1268 1688 hosti,

368 1728 496 1803 Laudis
520 1747 552 1804 et
578 1731 717 1805 assiduo
743 1730 854 1828 vigeat
877 1730 1059 1805 certamine
1085 1727 1200 1804 miles:

371 1856 460 1953 Quis
482 1859 656 1934 tardamve
681 1859 802 1934 sudem
826 1859 947 1933 melius
966 1858 1149 1934 celeremve
1175 1858 1331 1956 sagittam

330 1987 494 2061 9olecerit
517 2006 579 2062 aut
602 1988 693 2064 lento
720 1990 922 2090 perfregerit
947 1989 1046 2063 obvia
1072 1987 1163 2088 pilo,

372 2116 442 2190 Aut
455 2118 531 2218 quis
546 2147 672 2220 equum
687 2118 867 2192 celeremue
890 2133 963 2190 arto
979 2141 1192 2214 compescere
1210 2112 1329 2186 lraeuo

370 2246 485 2321 Possit
510 2264 542 2320 et
563 2247 689 2318 effusas
715 2244 815 2317 tardo
836 2243 1029 2342 permittere
1055 2242 1227 2330 habenas,

370 2379 478 2475 Inque
503 2375 609 2447 vicem
637 2371 741 2446 modo
768 2372 895 2446 directo
922 2372 1127 2446 contendere
1149 2398 1272 2472 passu,

375 2506 444 2576 Seu
470 2502 590 2590 libeat,
617 2529 719 2576 curvo
744 2502 882 2576 brevius
908 2501 1113 2575 contendere
1139 2529 1243 2603 gyro,

332 2631 463 2729 95Quis
488 2659 626 2733 parma,
651 2658 713 2706 seu
739 2632 856 2706 dextra
880 2629 957 2703 velit
980 2658 1041 2703 seu
1067 2630 1180 2719 laeva,
1214 2630 1319 2718 tueri,

375 2762 454 2838 Sive
477 2762 542 2836 bac
566 2762 635 2836 sive
660 2760 737 2836 illac
764 2760 905 2860 grandis
933 2761 1022 2834 venit
1046 2760 1192 2861 impetus
1217 2761 1354 2873 bastae·

387 3113 421 3165 V.
430 3115 474 3165 ot.
493 3111 581 3179 Volgo
594 3109 701 3163 celerem
717 3118 826 3164 arctato
841 3111 875 3165 de
889 3113 1037 3166 coniectura
1052 3112 1206 3165 lrtnom.
1239 3109 1333 3163 Licn-

316 3225 428 3264 nrtrtue
451 3212 517 3265 bene
541 3209 627 3263 addit:
655 3209 758 3275 „Haud
779 3211 835 3263 ecio
858 3228 891 3263 eu
913 3212 1072 3281 celeremque
1095 3214 1333 3263 contentarum

317 3309 482 3364 scribendum
500 3309 549 3374 eit,
574 3309 622 3361 uiei
640 3313 723 3361 totoni
741 3309 895 3362 vocabulum
915 3326 948 3362 ex
970 3327 994 3363 r.
1005 3314 1050 3364 89.
1068 3308 1117 3363 ltuc
1135 3308 1230 3361 venit.”

390 3410 423 3462 V.
434 3414 477 3464 03.
497 3425 604 3478 pereo
622 3408 724 3474 Esou,
745 3409 855 3475 Pente,
874 3409 970 3462 Corte.
986 3424 1049 3462 rer.
1084 3426 1165 3459 curru
1184 3408 1332 3468 wer-rure,

317 3506 406 3572 Dm,
429 3509 537 3564 Aetam
553 3536 591 3550 -
634 3509 668 3562 V.
677 3510 721 3561 et.
745 3508 820 3561 Libri
845 3507 1054 3561 contendere
1078 3511 1208 3572 corrupte.
1246 3504 1334 3571 Vulgo

319 3602 469 3671 compellere
499 3607 540 3658 vel
571 3616 721 3658 convertere
747 3606 781 3658 de
809 3607 958 3659 coniectore
982 3605 1154 3656 Brooxauen
1180 3609 1207 3656 et
1230 3603 1334 3655 cruere.

319 3698 470 3769 conpellere
497 3703 574 3755 etiarn
601 3704 634 3756 ln'
656 3704 788 3757 codicibus
815 3704 917 3770 iegitur.
974 3701 1064 3753 Poteie
1090 3702 1168 3754 etiem
1198 3700 1336 3753 decurrere

319 3799 457 3854 conticere.
495 3798 561 3852 Num
579 3803 690 3868 genuine
709 3817 760 3854 vox
781 3801 920 3854 excideret.
932 3826 967 3838 -
1001 3799 1034 3853 V.
1043 3805 1088 3854 95.
1108 3801 1191 3858 oute
1214 3817 1336 3870 parma,

319 3912 396 3964 eeu,
413 3914 474 3952 rere
492 3898 609 3952 codicum
626 3902 781 3969 optimorum
799 3897 884 3951 teetto.
898 3925 933 3937 -
967 3898 1056 3952 VM.
1075 3899 1215 3966 grandir
1233 3900 1336 3951 venie

320 3999 408 4065 Vulgo
434 3998 526 4051 veniat
552 3999 663 4068 gracie,
696 3999 766 4064 quod
793 4013 809 4050 e
836 3999 997 4051 Sororem
1023 3999 1048 4050 in
1077 3999 1242 4050 annotetiooe
1269 3997 1337 4050 t‘orte

320 4097 442 4165 peritum,
459 4102 489 4150 ut
502 4093 829 4158 obeervetLronnerutue,
846 4110 942 4163 operae
956 4095 1336 4149 nt.1>rememrtnrexereae
