3009 4725
339 439 372 480 w

338 588 415 677 quid
435 584 570 653 meditor
599 596 630 649 et
659 585 763 649 scribo
793 604 870 669 prae
899 589 1009 653 ceteris
1037 593 1077 654 ab
1105 595 1228 661 anneis:
1261 599 1310 663 his
1331 600 1359 661 si

337 733 415 821 quid
436 735 553 817 placet,
576 728 712 794 maxime
735 733 854 812 laesor,
877 735 980 797 abhis
1001 734 1079 819 quid
1101 742 1271 804 erraverim
1291 746 1357 826 pri.

335 902 422 943 mum
443 876 566 942 moneri
588 887 618 938 et
639 873 746 936 doceri
766 875 869 957 cupio.
911 877 960 939 Ite
982 877 1074 942 etism
1091 902 1174 946 nunc
1194 906 1289 969 quem
1304 910 1367 962 ve„

334 1025 391 1088 iim
411 1024 512 1089 Vobis
532 1041 572 1082 ne
594 1018 754 1100 displiceat
774 1018 872 1098 liber,
896 1042 992 1105 quem
1013 1021 1090 1087 edo!
1113 1019 1257 1107 Agedum
1276 1033 1355 1094 ecci·

272 1147 276 1156 ’
332 1171 405 1254 pite·
418 1166 494 1252 quid
515 1163 630 1245 egerim
648 1175 702 1226 sut
716 1165 872 1228 voluerim
892 1188 993 1248 egere.
1034 1169 1111 1232 Post
1123 1172 1276 1251 egregiam
1294 1173 1355 1237 Ce-

332 1313 394 1378 roli
419 1305 614 1376 Lechmsnm
646 1303 862 1370 recensionem
899 1310 1113 1395 maximopere
1146 1313 1273 1397 impulit
1301 1338 1351 1380 me

331 1451 469 1528 enimus,
491 1460 528 1511 ut
548 1466 678 1528 operum
698 1466 801 1510 meam
821 1445 857 1508 in
878 1446 1134 1529 interpretatione
1154 1451 1219 1514 ceri
1241 1464 1353 1535 poetae

268 1685 273 1695 Ι
328 1613 493 1680 ponerem,
519 1610 615 1676 quesn
642 1602 674 1652 et
705 1590 807 1672 ipsam
834 1589 1051 1658 emendatione
1077 1615 1168 1696 egere
1195 1596 1351 1662 videbam.

327 1740 430 1820 Atque
451 1736 511 1798 hoc
532 1731 601 1795 feci.
642 1728 768 1814 Sequor
794 1731 890 1813 igitur
919 1735 1135 1801 recensionem
1156 1736 1352 1832 Lechmsmi

325 1879 404 1958 mei,
439 1873 500 1940 nisi
529 1872 616 1960 quod
649 1873 767 1955 passim
785 1855 937 1954 discessi,
973 1889 1004 1940 et
1030 1879 1152 1942 mutavi
1180 1882 1350 1945 nonnullos

324 2024 430 2099 locos,
451 2016 509 2082 ubi
528 2014 607 2100 quid
630 2014 805 2095 genuinum
825 2028 923 2095 esset,
949 2018 1006 2082 vix
1027 2018 1164 2082 dubiem·
1186 2040 1279 2101 posse
1295 2021 1347 2084 vi-

324 2163 468 2240 deretur3
492 2158 531 2221 de
553 2158 702 2221 universa
722 2177 799 2220 vero
812 2158 947 2219 lectione
971 2169 1007 2219 ut
1019 2159 1169 2236 hebetur,
1189 2159 1231 2222 ed
1243 2161 1344 2225 Luch-

322 2302 431 2368 menni
449 2302 568 2365 librum
586 2297 691 2378 relego
710 2293 876 2376 lectorem,
907 2294 964 2381 qui
982 2298 1174 2364 recensionis
1194 2321 1269 2369 suse
1291 2326 1343 2370 rs·

320 2447 438 2510 tionem
465 2454 607 2505 accurate
634 2440 782 2543 exposuit
807 2453 840 2503 et
864 2441 1013 2505 lectiones
1035 2444 1192 2509 utrorum
1211 2468 1343 2514 suorum

320 2592 379 2655 sub
398 2600 487 2652 textu
507 2585 657 2650 indicavit
670 2604 791 2649 omnes.
833 2586 920 2648 Haeo
936 2584 1032 2651 editio
1046 2590 1208 2670 praeclar·
1220 2588 1340 2657 dudum

315 2726 351 2794 in
371 2728 514 2794 omnium
537 2728 684 2794 menibus
702 2741 765 2812 αῖς
795 2750 853 2811 sgo
877 2732 1019 2814 excerpsi
1042 2735 1258 2800 tantummodo
1278 2758 1342 2822 po·

314 2876 412 2953 tiore,
435 2888 472 2939 ut
490 2874 542 2955 fn,
563 2895 605 2937 ex
617 2872 868 2949 virtutemnon,
889 2873 1004 2956 quibus
1018 2873 1124 2938 addidi
1137 2898 1243 2943 meum
1260 2902 1340 2964 qus·

313 3026 470 3106 lecunqus
495 3019 663 3095 iudicium,
691 3015 753 3079 nst
774 3012 894 3098 inquid
922 3016 974 3114 vel
1004 3016 1254 3083 confirmandum
1284 3027 1339 3091 vel

313 3163 498 3230 mittendum
519 3160 695 3238 uteretur,
723 3157 780 3223 sed
809 3158 965 3240 emmer,
998 3173 1100 3226 cetere
1125 3163 1337 3249 Explicationi

310 3326 489 3386 reservans,
514 3305 571 3370 ubi
594 3304 749 3391 quidquid
770 3309 885 3371 herum
914 3326 1021 3373 mmm
1048 3330 1121 3375 cum
1146 3310 1334 3399 interpam.

308 3451 394 3516 tione
414 3450 633 3532 coniunctum,
650 3450 799 3539 disertius
818 3455 1006 3542 plerumque
1024 3457 1166 3524 msctsvi.
1210 3459 1262 3523 De
1282 3460 1332 3524 in-

306 3591 529 3674 terpretatione
550 3586 655 3656 sutem
676 3615 747 3657 mes
772 3595 836 3659 iem
855 3594 934 3659 hese
954 3594 1087 3662 dicende
1108 3598 1220 3662 hstes.
1266 3597 1330 3662 Rs-

304 3730 481 3797 cordemini
499 3732 576 3820 quid
596 3746 736 3799 statuent
755 3735 851 3817 vulgo
878 3733 919 3799 de
937 3736 1061 3802 ratium
1079 3738 1196 3800 norun
1215 3739 1329 3803 urm·

302 3890 394 3954 num,
422 3868 495 3940 cum
519 3897 560 3942 ns
591 3874 632 3942 ds
659 3874 821 3957 scaligero
846 3872 966 3955 dimus,
993 3875 1138 3962 lisynius
1162 3876 1198 3941 in
1219 3880 1326 3945 mum

299 4020 472 4104 fragnsms
496 4034 619 4088 rantur
639 4042 700 4087 nos
722 4028 830 4086 tonus
856 4019 1039 4102 eeddsris,
1069 4021 1124 4087 etii
1150 4019 1324 4087 dsistam

296 4161 423 4246 quidem
445 4165 629 4229 lacunarum
652 4166 757 4246 signe,
791 4186 894 4251 nsque
914 4178 1020 4233 unes
1046 4164 1197 4234 unitatem
1219 4166 1321 4250 posti·
