3009 4725
483 399 594 463 LIBR.
615 402 640 463 1.
681 401 804 468 ELEG.
826 404 867 466 V.
1119 414 1179 473 107

160 593 266 644 amore,
294 583 321 631 et
339 591 389 629 uas
406 579 464 628 erat
481 573 551 628 curis
568 574 625 626 eius
643 574 670 626 iu
688 574 795 640 morbo,
822 576 868 629 red
888 585 947 646 post
969 581 1102 649 morbum,
1129 598 1181 651 qua

161 687 219 733 erat
242 678 348 734 levitate
372 677 467 743 ammi,
491 674 656 729 nibilominus
680 677 806 730 relabitur
826 677 859 730 ad
883 694 966 745 geues
989 681 1058 735 vitae
1075 682 1181 736 absente

162 779 268 832 Tibullo
286 781 419 846 coeptum
462 775 541 827 Venit
558 775 617 826 laus
635 778 663 826 et
680 774 794 827 ostendit
811 789 906 830 novum
928 778 1055 845 quendum
1075 778 1181 834 divitem

162 884 318 942 amatorem,
336 890 415 943 quern
432 880 511 941 capta
527 872 677 925 muneribus
691 873 768 925 Delia
786 873 898 927 admisit.
934 875 1010 930 Haec
1027 877 1113 931 omnia
1129 893 1182 932 nou

162 977 206 1030 diu
231 982 291 1029 aute
315 975 365 1028 boe
388 986 492 1026 carmen
516 970 585 1022 iacta
609 970 680 1022 ctare
703 970 851 1035 significare
876 972 936 1026 mibi
961 975 1063 1038 ridetur
1086 985 1182 1046 poetas
1278 1037 1282 1048 ¹

164 1073 216 1125 utto
234 1091 284 1143 ege
302 1090 362 1125 oum
381 1068 458 1123 trieri
475 1067 564 1121 ruerdo
582 1067 690 1140 defessa
708 1067 816 1128 iaceres,
834 1080 861 1122 te
878 1071 951 1126 dicor
967 1076 1038 1128 votis
1053 1076 1183 1147 eripuisse

165 1170 230 1223 meis
248 1177 300 1226 etc.
317 1198 355 1212 -
378 1170 421 1224 Ar
439 1169 505 1222 nult
515 1166 628 1241 felicem
645 1169 745 1228 uitem,
769 1170 794 1223 si
814 1170 894 1224 salva
905 1172 1026 1245 fuisses,
1043 1176 1184 1250 fingebam

165 1288 288 1345 -quus
311 1288 383 1324 nunc
399 1271 545 1342 Eurusque
563 1267 704 1341 Notusque
722 1269 811 1323 metat
831 1270 958 1324 odoratos
975 1282 1040 1325 vota
1057 1292 1108 1344 par
1124 1277 1183 1329 Ar-

165 1372 271 1424 menios.
315 1370 390 1438 Ergo
416 1385 468 1423 nou
495 1373 556 1422 ante
580 1367 722 1422 discessum
747 1370 774 1422 iu
800 1370 895 1424 bellum
920 1373 1098 1439 Aquitanicam
1123 1392 1182 1429 ana.

166 1477 228 1526 oss.
246 1472 296 1525 init
314 1470 357 1524 hic
374 1471 490 1536 morbus,
515 1468 581 1523 haec
598 1484 661 1521 curs
678 1471 712 1522 ad
730 1471 825 1523 lectura
844 1478 977 1538 aegrotae,
995 1481 1056 1543 post
1072 1474 1183 1529 reditum

168 1575 255 1623 antem
273 1570 380 1639 pertidia
400 1571 521 1636 eogaits,
540 1574 570 1620 ut
588 1565 697 1619 divisum
718 1566 797 1620 luerit
814 1574 895 1622 totum
913 1572 1048 1625 interiecta
1065 1574 1183 1628 absentia

169 1670 281 1736 Tibulli,
305 1668 352 1721 aed
370 1670 414 1737 qui
431 1668 502 1721 nulla
525 1668 578 1719 alia
602 1666 724 1734 opinione
742 1673 886 1736 occupatus
904 1668 966 1735 legit
985 1671 1065 1722 rerba
1082 1679 1185 1740 poetae,

168 1768 265 1822 sentiet
281 1768 435 1821 continuam·
447 1782 505 1819 esse
522 1766 615 1819 seriem
634 1779 734 1829 rernm,
752 1765 786 1818 de
804 1782 855 1832 qua
873 1767 994 1835 loquitur.
1030 1770 1183 1837 Pergamus.

170 1869 338 1935 Quantopere
356 1871 500 1918 commotus
516 1865 551 1917 sit
569 1863 662 1916 Albius
679 1862 785 1931 pertidia
812 1866 929 1932 puellae,
953 1882 1012 1920 cum
1037 1883 1105 1922 nune
1130 1872 1184 1940 pri·

170 1981 239 2019 mum
266 1963 461 2034 pulcherrimam
489 1979 562 2033 apem
588 1964 657 2016 uitae
684 1978 801 2016 eversam
827 1965 942 2031 videret,
971 1972 999 2020 et
1023 1970 1185 2025 meretricem

169 2068 281 2131 metum,
301 2080 377 2134 quam
396 2065 447 2118 sibi
464 2065 514 2117 soii
531 2063 646 2118 deditam
664 2064 810 2118 crediderat
835 2064 1112 2133 hueusque,‘ortendu
1129 2067 1186 2122 dira

170 2166 316 2221 exsecratio
335 2166 424 2231 leuse,
453 2180 530 2232 quam
549 2163 590 2218 irie
607 2165 727 2231 legimus.
771 2169 858 2232 Atque
876 2171 960 2218 ortum
979 2172 1034 2219 turn
1051 2166 1187 2222 discidium

170 2271 219 2319 est.
255 2265 309 2319 Sed
334 2265 465 2319 ardentior
488 2271 547 2317 erat
571 2280 644 2317 amor
667 2263 783 2330 Tibulli,
811 2280 887 2332 quam
906 2271 935 2318 ut
953 2265 1069 2319 oblivisci
1086 2268 1186 2321 Deliam

171 2375 267 2441 posset,
285 2369 501 2437 quemadmodum
520 2373 681 2433 tentaverat3
699 2383 757 2421 cum
776 2369 870 2421 multus
887 2369 951 2422 vlies
968 2369 1075 2422 adiisset
1092 2369 1187 2439 despe-

172 2470 271 2520 ratione
294 2469 388 2532 animi,
415 2469 481 2521 rldit
502 2472 635 2536 postremo
656 2482 686 2520 re
711 2467 780 2520 terre
797 2467 894 2520 diutius
912 2467 961 2521 boe
979 2469 1116 2524 discidium
1135 2486 1187 2524 non

172 2584 258 2639 posse.
301 2569 348 2621 Sic
373 2575 432 2621 orta
454 2566 518 2621 baec
542 2568 628 2635 elegia
650 2573 705 2632 eat,
731 2583 799 2635 quae
824 2568 873 2621 sub
899 2576 1023 2623 aestatem
1047 2573 1106 2625 anni
1124 2577 1187 2627 tus.

171 2668 249 2723 scribi
265 2667 357 2736 potuit
393 2668 468 2723 Quae
487 2674 579 2737 postea
596 2672 747 2733 evenerunt,
764 2667 823 2720 vide
837 2676 939 2719 narrata
954 2669 980 2720 iu
995 2670 1188 2726 introductione

170 2770 203 2823 ad
228 2770 337 2836 elegiam
361 2768 508 2822 secuudum.
545 2771 631 2836 Atque
658 2766 721 2821 llaec
747 2766 852 2834 quidem
877 2765 911 2818 de
935 2766 1103 2834 temporibus
1140 2770 1188 2822 vl-

170 2868 276 2922 dcamus
293 2883 361 2920 nuuc
379 2883 481 2921 carmen
501 2869 592 2935 ipsum.
629 2865 772 2919 Discidium
791 2870 884 2931 ortum,
903 2863 973 2932 quod
991 2864 1111 2929 diximus,
1129 2881 1188 2919 cum

171 2970 284 3023 tolerare
303 2969 401 3021 dlutius
424 2983 475 3020 non
503 2971 593 3035 posset
612 2972 708 3035 pocta,
735 2968 762 3019 iu
788 2967 898 3035 gratiam
925 2967 1009 3020 redire
1032 2966 1104 3034 cupit
1130 2981 1189 3019 cum

171 3069 262 3135 Delia,
290 3069 454 3137 pertinetque
479 3081 581 3119 summa
603 3066 725 3119 carminis
743 3082 793 3132 eo,
817 3073 847 3119 ut
865 3068 943 3120 misso
960 3066 1033 3119 rivuli
1050 3071 1191 3117 renovetur

171 3184 235 3219 usus
252 3169 322 3233 prior
339 3175 368 3220 et
385 3169 461 3220 ianua
479 3166 568 3217 clausa
586 3164 672 3218 denno
695 3165 744 3217 sibi
765 3169 862 3233 pateat
898 3165 958 3219 Hoc
976 3163 1131 3217 desiderium
1149 3170 1190 3217 est

173 3267 321 3336 principalis
338 3267 447 3319 affectus
465 3265 594 3318 carminis.
638 3266 677 3318 Ae
696 3264 805 3332 primam
822 3265 959 3316 exordium
977 3264 1190 3332 significationem
1231 3338 1233 3343 Δ

171 3365 250 3420 buius
275 3364 395 3419 desiderii
418 3365 511 3430 babet,
537 3365 673 3418 utstatim
699 3365 724 3417 iu
748 3366 876 3433 principio
900 3365 1003 3433 prodire
1027 3366 1097 3418 solet
1121 3368 1190 3433 quod

171 3471 319 3520 commoret
341 3466 410 3518 intus
434 3466 554 3519 animum.
592 3464 661 3518 Tum
684 3465 806 3521 disertior
832 3466 862 3516 ut
885 3465 1038 3532 persuasio,
1064 3481 1096 3519 uc
1120 3466 1191 3519 dues

171 3565 296 3632 distingui
320 3564 417 3618 debent
440 3567 466 3617 io
491 3563 579 3617 medio
603 3564 717 3617 carmine
739 3571 833 3632 parles
851 3580 948 3618 return.
983 3565 1105 3619 Primum
1123 3569 1190 3624 enim

172 3678 285 3721 amorem
301 3680 377 3718 suum
396 3663 514 3734 depingit
531 3664 669 3718 maximum
687 3670 778 3718 mutuo
794 3664 885 3718 Deliae
901 3665 991 3721 farore
1004 3667 1191 3737 dignissbunm,

172 3778 307 3830 quaeres
334 3767 418 3820 tribus
443 3766 508 3821 loeis
534 3767 686 3820 sbrolvitur.
723 3766 837 3819 orditur
855 3768 889 3820 ab
909 3771 1072 3840 expositione
1089 3772 1192 3825 cilicio-

172 3880 230 3918 rum
247 3882 330 3935 uuper
348 3870 548 3939 praestitorum,
576 3886 636 3923 cnm
654 3875 805 3937 aegrotaret
823 3869 899 3922 Delia
917 3877 944 3923 ct
961 3872 1042 3939 ipsius
1060 3871 1192 3923 luuratio·

172 3966 250 4018 nibus
266 3969 384 4037 rotisque
402 3973 548 4040 eriperetur
565 3971 659 4038 morti,
685 3970 793 4038 exponit
811 3969 904 4021 deinde
922 3971 1023 4037 qualem
1042 3969 1192 4022 felicitatem

171 4067 330 4135 imaginatus
353 4071 402 4139 ait,
433 4072 602 4127 ri⁰restituta
628 4072 775 4127 valetudine
801 4086 863 4125 rure
888 4084 976 4124 secum
1002 4070 1089 4139 puelle
1113 4067 1194 4136 degat

60 4190 67 4207 s
171 4168 346 4239 omnibusque
371 4169 406 4224 lbi
432 4172 513 4226 rebus
539 4174 651 4240 praesit,
677 4188 746 4241 quae
764 4178 825 4226 rota
842 4187 903 4227 mox
921 4169 955 4224 ad
972 4170 1073 4226 irritum
1089 4168 1194 4225 oecide-
