<?xml version="1.0" encoding="UTF-8"?>
<!DOCTYPE html PUBLIC "-//W3C//DTD XHTML 1.0 Transitional//EN"
    "http://www.w3.org/TR/xhtml1/DTD/xhtml1-transitional.dtd">
<html xmlns="http://www.w3.org/1999/xhtml" xml:lang="en" lang="en">
 <head>
  <title>
</title>
<meta http-equiv="Content-Type" content="text/html;charset=utf-8" />
  <meta name='ocr-system' content='tesseract 3.04.00' />
  <meta name='ocr-capabilities' content='ocr_page ocr_carea ocr_par ocr_line ocrx_word'/>
</head>
<body>
  <div class='ocr_page' id='page_1' title='image "albiitibullicar00unkngoog_0527.png"; bbox 0 0 3009 4725; ppageno 0'>
   <div class='ocr_carea' id='block_1_1' title="bbox 461 378 1213 456">
    <p class='ocr_par' dir='ltr' id='par_1_1' title="bbox 461 378 1213 456">
     <span class='ocr_line' id='line_1_1' title="bbox 461 378 1213 456; baseline 0.019 -16"><span class='ocrx_word' id='word_1_1' title='bbox 461 378 570 442; x_wconf 84' lang='lat' dir='ltr'><strong>LlBR.</strong></span> <span class='ocrx_word' id='word_1_2' title='bbox 592 381 614 440; x_wconf 90' lang='lat'><strong>1.</strong></span> <span class='ocrx_word' id='word_1_3' title='bbox 659 379 781 444; x_wconf 85' lang='lat' dir='ltr'><strong>ELEG.</strong></span> <span class='ocrx_word' id='word_1_4' title='bbox 802 384 858 448; x_wconf 82' lang='lat' dir='ltr'><strong>lx.</strong></span> <span class='ocrx_word' id='word_1_5' title='bbox 902 387 943 447; x_wconf 86' lang='lat' dir='ltr'><strong>X.</strong></span> <span class='ocrx_word' id='word_1_6' title='bbox 1158 397 1213 456; x_wconf 80' lang='grc'><strong>191</strong></span> 
     </span>
    </p>
   </div>
   <div class='ocr_carea' id='block_1_2' title="bbox 188 546 1217 829">
    <p class='ocr_par' dir='ltr' id='par_1_2' title="bbox 188 546 1217 829">
     <span class='ocr_line' id='line_1_2' title="bbox 192 546 1217 626; baseline 0.005 -15"><span class='ocrx_word' id='word_1_7' title='bbox 192 559 216 611; x_wconf 87' lang='grc' dir='ltr'><strong>Ιι.</strong></span> <span class='ocrx_word' id='word_1_8' title='bbox 235 574 258 611; x_wconf 89' lang='lat' dir='ltr'><strong>e.</strong></span> <span class='ocrx_word' id='word_1_9' title='bbox 284 568 387 626; x_wconf 81' lang='lat' dir='ltr'><strong>parma,</strong></span> <span class='ocrx_word' id='word_1_10' title='bbox 413 556 556 623; x_wconf 86' lang='lat' dir='ltr'><strong>clypeolus.</strong></span> <span class='ocrx_word' id='word_1_11' title='bbox 601 555 731 610; x_wconf 80' lang='lat' dir='ltr'><strong>scribitur</strong></span> <span class='ocrx_word' id='word_1_12' title='bbox 759 573 820 611; x_wconf 80' lang='lat' dir='ltr'><strong>vero</strong></span> <span class='ocrx_word' id='word_1_13' title='bbox 848 557 889 610; x_wconf 83' lang='lat' dir='ltr'><strong>iric</strong></span> <span class='ocrx_word' id='word_1_14' title='bbox 915 560 940 612; x_wconf 89' lang='lat' dir='ltr'><strong>ln</strong></span> <span class='ocrx_word' id='word_1_15' title='bbox 970 558 1042 613; x_wconf 89' lang='lat' dir='ltr'><strong>libris</strong></span> <span class='ocrx_word' id='word_1_16' title='bbox 1070 546 1217 616; x_wconf 75' lang='lat' dir='ltr'><strong>constenler</strong></span> 
     </span>
     <span class='ocr_line' id='line_1_3' title="bbox 188 654 1214 727; baseline 0.01 -20"><span class='ocrx_word' id='word_1_17' title='bbox 188 655 298 727; x_wconf 75' lang='lat' dir='ltr'><strong>palare,</strong></span> <span class='ocrx_word' id='word_1_18' title='bbox 315 655 399 708; x_wconf 86' lang='lat' dir='ltr'><strong>sonus</strong></span> <span class='ocrx_word' id='word_1_19' title='bbox 418 656 533 719; x_wconf 86' lang='lat' dir='ltr'><strong>rariore,</strong></span> <span class='ocrx_word' id='word_1_20' title='bbox 551 654 629 708; x_wconf 85' lang='lat' dir='ltr'><strong>etism</strong></span> <span class='ocrx_word' id='word_1_21' title='bbox 647 672 689 724; x_wconf 86' lang='lat' dir='ltr'><strong>ep.</strong></span> <span class='ocrx_word' id='word_1_22' title='bbox 709 658 897 711; x_wconf 79' lang='lat' dir='ltr'><strong>Pnorennrnsr</strong></span> <span class='ocrx_word' id='word_1_23' title='bbox 915 659 1054 726; x_wconf 76' lang='lat' dir='ltr'><strong>aliquoties</strong></span> <span class='ocrx_word' id='word_1_24' title='bbox 1072 662 1099 714; x_wconf 91' lang='lat' dir='ltr'><strong>in</strong></span> <span class='ocrx_word' id='word_1_25' title='bbox 1117 664 1214 717; x_wconf 90' lang='lat' dir='ltr'><strong>codici-</strong></span> 
     </span>
     <span class='ocr_line' id='line_1_4' title="bbox 190 750 1213 829; baseline 0.008 -21"><span class='ocrx_word' id='word_1_26' title='bbox 190 756 238 808; x_wconf 86' lang='lat' dir='ltr'><strong>bus</strong></span> <span class='ocrx_word' id='word_1_27' title='bbox 256 753 341 808; x_wconf 79' lang='lat' dir='ltr'><strong>obvia.</strong></span> <span class='ocrx_word' id='word_1_28' title='bbox 378 750 439 805; x_wconf 86' lang='lat' dir='ltr'><strong>Hoc</strong></span> <span class='ocrx_word' id='word_1_29' title='bbox 458 753 516 806; x_wconf 89' lang='lat' dir='ltr'><strong>loco</strong></span> <span class='ocrx_word' id='word_1_30' title='bbox 540 753 653 806; x_wconf 85' lang='lat' dir='ltr'><strong>Vossrus</strong></span> <span class='ocrx_word' id='word_1_31' title='bbox 681 756 801 808; x_wconf 86' lang='lat' dir='ltr'><strong>consulto</strong></span> <span class='ocrx_word' id='word_1_32' title='bbox 823 771 879 809; x_wconf 87' lang='lat' dir='ltr'><strong>enm</strong></span> <span class='ocrx_word' id='word_1_33' title='bbox 898 758 1044 826; x_wconf 87' lang='lat' dir='ltr'><strong>suspicatur</strong></span> <span class='ocrx_word' id='word_1_34' title='bbox 1063 763 1213 829; x_wconf 72' lang='lat' dir='ltr'><strong>metatam,</strong></span> 
     </span>
    </p>
   </div>
   <div class='ocr_carea' id='block_1_3' title="bbox 88 848 1211 924">
    <p class='ocr_par' dir='ltr' id='par_1_3' title="bbox 88 848 1211 924">
     <span class='ocr_line' id='line_1_5' title="bbox 88 848 1211 924; baseline 0.007 -19"><span class='ocrx_word' id='word_1_35' title='bbox 88 893 95 904; x_wconf 78' lang='grc'><em>,</em></span> <span class='ocrx_word' id='word_1_36' title='bbox 188 852 267 924; x_wconf 73' lang='lat' dir='ltr'><strong>ueluti</strong></span> <span class='ocrx_word' id='word_1_37' title='bbox 291 851 360 919; x_wconf 87' lang='lat' dir='ltr'><strong>epud</strong></span> <span class='ocrx_word' id='word_1_38' title='bbox 387 865 434 903; x_wconf 88' lang='lat' dir='ltr'><strong>nos</strong></span> <span class='ocrx_word' id='word_1_39' title='bbox 458 851 579 903; x_wconf 78' lang='lat' dir='ltr'><strong>differant</strong></span> <span class='ocrx_word' id='word_1_40' title='bbox 602 848 651 903; x_wconf 81' lang='lat' dir='ltr'><strong>cias</strong></span> <span class='ocrx_word' id='word_1_41' title='bbox 670 849 766 902; x_wconf 75' lang='lat' dir='ltr'><strong>Sclsilcl</strong></span> <span class='ocrx_word' id='word_1_42' title='bbox 789 860 816 905; x_wconf 85' lang='lat' dir='ltr'><strong>et</strong></span> <span class='ocrx_word' id='word_1_43' title='bbox 841 853 887 905; x_wconf 81' lang='lat' dir='ltr'><strong>der</strong></span> <span class='ocrx_word' id='word_1_44' title='bbox 905 854 1006 910; x_wconf 71' lang='lat' dir='ltr'><strong>uenite.</strong></span> <span class='ocrx_word' id='word_1_45' title='bbox 1025 885 1060 896; x_wconf 92' lang='lat'><em>-</em></span> <span class='ocrx_word' id='word_1_46' title='bbox 1087 857 1211 913; x_wconf 83' lang='lat' dir='ltr'><strong>lallsci</strong></span> 
     </span>
    </p>
   </div>
   <div class='ocr_carea' id='block_1_4' title="bbox 187 951 1211 1220">
    <p class='ocr_par' dir='ltr' id='par_1_4' title="bbox 187 951 1211 1220">
     <span class='ocr_line' id='line_1_6' title="bbox 187 951 1211 1028; baseline 0.007 -21"><span class='ocrx_word' id='word_1_47' title='bbox 187 967 315 1016; x_wconf 87' lang='lat' dir='ltr'><strong>amore,</strong></span> <span class='ocrx_word' id='word_1_48' title='bbox 341 954 367 1004; x_wconf 91' lang='lat' dir='ltr'><strong>ln</strong></span> <span class='ocrx_word' id='word_1_49' title='bbox 386 966 439 1018; x_wconf 90' lang='lat' dir='ltr'><strong>quo</strong></span> <span class='ocrx_word' id='word_1_50' title='bbox 458 951 593 1020; x_wconf 80' lang='lat' dir='ltr'><strong>perfidiam</strong></span> <span class='ocrx_word' id='word_1_51' title='bbox 613 951 687 1019; x_wconf 72' lang='lat' dir='ltr'><strong>pueri</strong></span> <span class='ocrx_word' id='word_1_52' title='bbox 705 959 831 1021; x_wconf 81' lang='lat' dir='ltr'><strong>expertus</strong></span> <span class='ocrx_word' id='word_1_53' title='bbox 848 970 904 1008; x_wconf 86' lang='lat' dir='ltr'><strong>sum</strong></span> <span class='ocrx_word' id='word_1_54' title='bbox 924 962 1028 1014; x_wconf 83' lang='lat' dir='ltr'><strong>tantam.</strong></span> <span class='ocrx_word' id='word_1_55' title='bbox 1046 987 1080 1000; x_wconf 89' lang='lat'><em>—</em></span> <span class='ocrx_word' id='word_1_56' title='bbox 1114 971 1211 1028; x_wconf 77' lang='lat' dir='ltr'><strong>grata</strong></span> 
     </span>
     <span class='ocr_line' id='line_1_7' title="bbox 187 1049 1211 1133; baseline 0.012 -27"><span class='ocrx_word' id='word_1_57' title='bbox 187 1057 236 1107; x_wconf 87' lang='lat' dir='ltr'><strong>sis</strong></span> <span class='ocrx_word' id='word_1_58' title='bbox 254 1060 381 1115; x_wconf 84' lang='lat' dir='ltr'><strong>mente,</strong></span> <span class='ocrx_word' id='word_1_59' title='bbox 407 1054 442 1105; x_wconf 85' lang='lat' dir='ltr'><strong>sis</strong></span> <span class='ocrx_word' id='word_1_60' title='bbox 460 1049 521 1106; x_wconf 79' lang='lat' dir='ltr'><strong>milri</strong></span> <span class='ocrx_word' id='word_1_61' title='bbox 539 1065 638 1105; x_wconf 85' lang='lat' dir='ltr'><strong>memor</strong></span> <span class='ocrx_word' id='word_1_62' title='bbox 656 1049 761 1105; x_wconf 82' lang='lat' dir='ltr'><strong>honoris</strong></span> <span class='ocrx_word' id='word_1_63' title='bbox 779 1052 858 1109; x_wconf 86' lang='lat' dir='ltr'><strong>habiti</strong></span> <span class='ocrx_word' id='word_1_64' title='bbox 878 1060 1070 1130; x_wconf 71' lang='lat' dir='ltr'><strong>propitiumque</strong></span> <span class='ocrx_word' id='word_1_65' title='bbox 1088 1070 1115 1117; x_wconf 89' lang='lat' dir='ltr'><strong>te</strong></span> <span class='ocrx_word' id='word_1_66' title='bbox 1132 1080 1211 1133; x_wconf 88' lang='lat' dir='ltr'><strong>prae-</strong></span> 
     </span>
     <span class='ocr_line' id='line_1_8' title="bbox 187 1154 444 1220; baseline -0.008 -15"><span class='ocrx_word' id='word_1_67' title='bbox 187 1162 242 1206; x_wconf 82' lang='lat' dir='ltr'><strong>stes</strong></span> <span class='ocrx_word' id='word_1_68' title='bbox 258 1154 284 1205; x_wconf 87' lang='lat' dir='ltr'><strong>ln</strong></span> <span class='ocrx_word' id='word_1_69' title='bbox 303 1158 444 1220; x_wconf 84' lang='lat' dir='ltr'><strong>posterum.</strong></span> 
     </span>
    </p>
   </div>
   <div class='ocr_carea' id='block_1_5' title="bbox 543 2381 899 2491">
    <p class='ocr_par' dir='ltr' id='par_1_5' title="bbox 543 2381 899 2491">
     <span class='ocr_line' id='line_1_9' title="bbox 543 2381 899 2491; baseline 0.006 -42"><span class='ocrx_word' id='word_1_70' title='bbox 543 2381 853 2451; x_wconf 82' lang='lat' dir='ltr'>INTRODUCTIO.</span> <span class='ocrx_word' id='word_1_71' title='bbox 895 2484 899 2491; x_wconf 12' lang='grc' dir='ltr'><strong>ἡ</strong></span> 
     </span>
    </p>
   </div>
   <div class='ocr_carea' id='block_1_6' title="bbox 177 2591 1204 3401">
    <p class='ocr_par' dir='ltr' id='par_1_6' title="bbox 177 2591 1204 3401">
     <span class='ocr_line' id='line_1_10' title="bbox 180 2591 1204 2703; baseline 0.003 -16"><span class='ocrx_word' id='word_1_72' title='bbox 180 2591 325 2700; x_wconf 74' lang='lat' dir='ltr'><strong>Elegism</strong></span> <span class='ocrx_word' id='word_1_73' title='bbox 348 2631 507 2701; x_wconf 68' lang='lat' dir='ltr'><strong>propositam</strong></span> <span class='ocrx_word' id='word_1_74' title='bbox 525 2636 587 2686; x_wconf 85' lang='lat' dir='ltr'><strong>unte</strong></span> <span class='ocrx_word' id='word_1_75' title='bbox 610 2635 719 2702; x_wconf 85' lang='lat' dir='ltr'><strong>prirnem</strong></span> <span class='ocrx_word' id='word_1_76' title='bbox 743 2630 819 2685; x_wconf 85' lang='lat' dir='ltr'><strong>huius</strong></span> <span class='ocrx_word' id='word_1_77' title='bbox 838 2633 895 2686; x_wconf 90' lang='lat' dir='ltr'><strong>libri</strong></span> <span class='ocrx_word' id='word_1_78' title='bbox 913 2633 1034 2703; x_wconf 74' lang='lat' dir='ltr'><strong>scriptum</strong></span> <span class='ocrx_word' id='word_1_79' title='bbox 1053 2651 1111 2690; x_wconf 90' lang='lat' dir='ltr'><strong>esse</strong></span> <span class='ocrx_word' id='word_1_80' title='bbox 1129 2636 1204 2690; x_wconf 90' lang='lat' dir='ltr'><strong>dubi-</strong></span> 
     </span>
     <span class='ocr_line' id='line_1_11' title="bbox 179 2733 1203 2801; baseline 0.003 -13"><span class='ocrx_word' id='word_1_81' title='bbox 179 2736 230 2788; x_wconf 90' lang='lat' dir='ltr'><strong>tari</strong></span> <span class='ocrx_word' id='word_1_82' title='bbox 255 2733 353 2801; x_wconf 84' lang='lat' dir='ltr'><strong>nequit.</strong></span> <span class='ocrx_word' id='word_1_83' title='bbox 398 2733 482 2786; x_wconf 85' lang='lat' dir='ltr'><strong>Poeta</strong></span> <span class='ocrx_word' id='word_1_84' title='bbox 507 2733 541 2786; x_wconf 85' lang='lat' dir='ltr'><strong>nd</strong></span> <span class='ocrx_word' id='word_1_85' title='bbox 565 2734 663 2788; x_wconf 88' lang='lat' dir='ltr'><strong>bellum</strong></span> <span class='ocrx_word' id='word_1_86' title='bbox 687 2734 814 2799; x_wconf 80' lang='lat' dir='ltr'><strong>trshltnr3</strong></span> <span class='ocrx_word' id='word_1_87' title='bbox 845 2734 1001 2786; x_wconf 80' lang='lat' dir='ltr'><strong>militauerat</strong></span> <span class='ocrx_word' id='word_1_88' title='bbox 1029 2742 1116 2788; x_wconf 88' lang='lat' dir='ltr'><strong>autem</strong></span> <span class='ocrx_word' id='word_1_89' title='bbox 1142 2744 1203 2792; x_wconf 85' lang='lat' dir='ltr'><strong>ante</strong></span> 
     </span>
     <span class='ocr_line' id='line_1_12' title="bbox 177 2833 1202 2903; baseline -0.002 -14"><span class='ocrx_word' id='word_1_90' title='bbox 177 2836 248 2890; x_wconf 89' lang='lat' dir='ltr'><strong>illius</strong></span> <span class='ocrx_word' id='word_1_91' title='bbox 266 2833 367 2901; x_wconf 75' lang='lat' dir='ltr'><strong>elegiae</strong></span> <span class='ocrx_word' id='word_1_92' title='bbox 385 2841 504 2902; x_wconf 89' lang='lat' dir='ltr'><strong>tempus,</strong></span> <span class='ocrx_word' id='word_1_93' title='bbox 530 2842 561 2889; x_wconf 87' lang='lat' dir='ltr'><strong>ut</strong></span> <span class='ocrx_word' id='word_1_94' title='bbox 578 2836 632 2889; x_wconf 90' lang='lat' dir='ltr'><strong>illic</strong></span> <span class='ocrx_word' id='word_1_95' title='bbox 650 2837 770 2892; x_wconf 84' lang='lat' dir='ltr'><strong>vidimus.</strong></span> <span class='ocrx_word' id='word_1_96' title='bbox 810 2835 918 2903; x_wconf 83' lang='lat' dir='ltr'><strong>Ignorat</strong></span> <span class='ocrx_word' id='word_1_97' title='bbox 937 2834 1014 2886; x_wconf 89' lang='lat' dir='ltr'><strong>etiam</strong></span> <span class='ocrx_word' id='word_1_98' title='bbox 1032 2833 1132 2887; x_wconf 87' lang='lat' dir='ltr'><strong>Deliam</strong></span> <span class='ocrx_word' id='word_1_99' title='bbox 1152 2835 1202 2902; x_wconf 75' lang='lat' dir='ltr'><strong>liic,</strong></span> 
     </span>
     <span class='ocr_line' id='line_1_13' title="bbox 178 2933 1201 3004; baseline 0 -17"><span class='ocrx_word' id='word_1_100' title='bbox 178 2933 212 2987; x_wconf 86' lang='lat' dir='ltr'><strong>de</strong></span> <span class='ocrx_word' id='word_1_101' title='bbox 230 2950 281 3001; x_wconf 88' lang='lat' dir='ltr'><strong>qua</strong></span> <span class='ocrx_word' id='word_1_102' title='bbox 299 2934 396 2988; x_wconf 90' lang='lat' dir='ltr'><strong>nullum</strong></span> <span class='ocrx_word' id='word_1_103' title='bbox 415 2934 521 2988; x_wconf 84' lang='lat' dir='ltr'><strong>verbum</strong></span> <span class='ocrx_word' id='word_1_104' title='bbox 540 2936 654 3004; x_wconf 76' lang='lat' dir='ltr'><strong>legitur,</strong></span> <span class='ocrx_word' id='word_1_105' title='bbox 672 2938 750 2991; x_wconf 86' lang='lat' dir='ltr'><strong>immo</strong></span> <span class='ocrx_word' id='word_1_106' title='bbox 769 2944 799 2991; x_wconf 88' lang='lat' dir='ltr'><strong>ut</strong></span> <span class='ocrx_word' id='word_1_107' title='bbox 816 2952 833 2990; x_wconf 91' lang='lat' dir='ltr'><strong>e</strong></span> <span class='ocrx_word' id='word_1_108' title='bbox 850 2953 874 2988; x_wconf 79' lang='lat' dir='ltr'><strong>v.</strong></span> <span class='ocrx_word' id='word_1_109' title='bbox 891 2938 935 2988; x_wconf 75' lang='lat'><strong>43.</strong></span> <span class='ocrx_word' id='word_1_110' title='bbox 954 2938 1043 3002; x_wconf 87' lang='lat' dir='ltr'><strong>patet,</strong></span> <span class='ocrx_word' id='word_1_111' title='bbox 1062 2934 1117 2986; x_wconf 85' lang='lat' dir='ltr'><strong>vult</strong></span> <span class='ocrx_word' id='word_1_112' title='bbox 1131 2949 1201 2987; x_wconf 83' lang='lat' dir='ltr'><strong>uso-</strong></span> 
     </span>
     <span class='ocr_line' id='line_1_14' title="bbox 178 3032 1202 3104; baseline 0 -18"><span class='ocrx_word' id='word_1_113' title='bbox 178 3049 233 3087; x_wconf 90' lang='lat' dir='ltr'><strong>rem</strong></span> <span class='ocrx_word' id='word_1_114' title='bbox 251 3033 349 3088; x_wconf 88' lang='lat' dir='ltr'><strong>ducere</strong></span> <span class='ocrx_word' id='word_1_115' title='bbox 367 3040 428 3103; x_wconf 89' lang='lat' dir='ltr'><strong>post</strong></span> <span class='ocrx_word' id='word_1_116' title='bbox 445 3035 557 3089; x_wconf 88' lang='lat' dir='ltr'><strong>reditum</strong></span> <span class='ocrx_word' id='word_1_117' title='bbox 577 3052 592 3089; x_wconf 88' lang='lat' dir='ltr'><strong>e</strong></span> <span class='ocrx_word' id='word_1_118' title='bbox 612 3037 698 3104; x_wconf 87' lang='lat' dir='ltr'><strong>bello,</strong></span> <span class='ocrx_word' id='word_1_119' title='bbox 725 3045 753 3092; x_wconf 91' lang='lat' dir='ltr'><strong>et</strong></span> <span class='ocrx_word' id='word_1_120' title='bbox 772 3039 867 3092; x_wconf 85' lang='lat' dir='ltr'><strong>liberos</strong></span> <span class='ocrx_word' id='word_1_121' title='bbox 886 3034 1020 3103; x_wconf 72' lang='lat' dir='ltr'><strong>suscipere</strong></span> <span class='ocrx_word' id='word_1_122' title='bbox 1037 3034 1064 3086; x_wconf 91' lang='lat' dir='ltr'><strong>in</strong></span> <span class='ocrx_word' id='word_1_123' title='bbox 1083 3032 1138 3086; x_wconf 90' lang='lat' dir='ltr'><strong>otio</strong></span> <span class='ocrx_word' id='word_1_124' title='bbox 1157 3050 1202 3086; x_wconf 87' lang='lat' dir='ltr'><strong>ru-</strong></span> 
     </span>
     <span class='ocr_line' id='line_1_15' title="bbox 177 3133 1201 3205; baseline 0.001 -21"><span class='ocrx_word' id='word_1_125' title='bbox 177 3133 262 3198; x_wconf 85' lang='lat' dir='ltr'><strong>stico,</strong></span> <span class='ocrx_word' id='word_1_126' title='bbox 287 3138 314 3186; x_wconf 90' lang='lat' dir='ltr'><strong>et</strong></span> <span class='ocrx_word' id='word_1_127' title='bbox 338 3134 405 3186; x_wconf 82' lang='lat' dir='ltr'><strong>luter</strong></span> <span class='ocrx_word' id='word_1_128' title='bbox 427 3148 490 3186; x_wconf 92' lang='lat' dir='ltr'><strong>suos</strong></span> <span class='ocrx_word' id='word_1_129' title='bbox 514 3149 703 3187; x_wconf 70' lang='lat' dir='ltr'><strong>consenescere</strong></span> <span class='ocrx_word' id='word_1_130' title='bbox 722 3135 825 3205; x_wconf 85' lang='lat' dir='ltr'><strong>placide</strong></span> <span class='ocrx_word' id='word_1_131' title='bbox 832 3155 842 3205; x_wconf 82' lang='lat'>3</span> <span class='ocrx_word' id='word_1_132' title='bbox 868 3135 902 3188; x_wconf 90' lang='lat' dir='ltr'><strong>de</strong></span> <span class='ocrx_word' id='word_1_133' title='bbox 919 3134 971 3187; x_wconf 89' lang='lat' dir='ltr'><strong>alio</strong></span> <span class='ocrx_word' id='word_1_134' title='bbox 989 3147 1087 3201; x_wconf 72' lang='lat' dir='ltr'><strong>genere</strong></span> <span class='ocrx_word' id='word_1_135' title='bbox 1105 3135 1201 3185; x_wconf 86' lang='lat' dir='ltr'><strong>amoris</strong></span> 
     </span>
     <span class='ocr_line' id='line_1_16' title="bbox 178 3227 1199 3305; baseline 0.001 -23"><span class='ocrx_word' id='word_1_136' title='bbox 178 3227 240 3282; x_wconf 84' lang='lat' dir='ltr'><strong>nihil</strong></span> <span class='ocrx_word' id='word_1_137' title='bbox 265 3230 347 3299; x_wconf 74' lang='lat' dir='ltr'><strong>legas.</strong></span> <span class='ocrx_word' id='word_1_138' title='bbox 384 3233 460 3289; x_wconf 78' lang='lat' dir='ltr'><strong>Quae</strong></span> <span class='ocrx_word' id='word_1_139' title='bbox 485 3247 545 3286; x_wconf 88' lang='lat' dir='ltr'><strong>cum</strong></span> <span class='ocrx_word' id='word_1_140' title='bbox 570 3232 607 3286; x_wconf 84' lang='lat' dir='ltr'><strong>ita</strong></span> <span class='ocrx_word' id='word_1_141' title='bbox 630 3236 696 3299; x_wconf 87' lang='lat' dir='ltr'><strong>sint,</strong></span> <span class='ocrx_word' id='word_1_142' title='bbox 725 3236 903 3305; x_wconf 76' lang='lat' dir='ltr'><strong>maximopere</strong></span> <span class='ocrx_word' id='word_1_143' title='bbox 921 3233 1055 3286; x_wconf 79' lang='lat' dir='ltr'><strong>laudamus</strong></span> <span class='ocrx_word' id='word_1_144' title='bbox 1073 3232 1199 3285; x_wconf 81' lang='lat' dir='ltr'><strong>Pssscvrr</strong></span> 
     </span>
     <span class='ocr_line' id='line_1_17' title="bbox 177 3330 1197 3401; baseline 0.002 -21"><span class='ocrx_word' id='word_1_145' title='bbox 177 3342 302 3394; x_wconf 81' lang='lat' dir='ltr'><strong>acumen,</strong></span> <span class='ocrx_word' id='word_1_146' title='bbox 326 3330 369 3396; x_wconf 89' lang='lat' dir='ltr'><strong>qui</strong></span> <span class='ocrx_word' id='word_1_147' title='bbox 395 3330 503 3398; x_wconf 78' lang='lat' dir='ltr'><strong>egregie</strong></span> <span class='ocrx_word' id='word_1_148' title='bbox 527 3331 661 3399; x_wconf 83' lang='lat' dir='ltr'><strong>perspexit</strong></span> <span class='ocrx_word' id='word_1_149' title='bbox 685 3338 740 3384; x_wconf 89' lang='lat' dir='ltr'><strong>tum</strong></span> <span class='ocrx_word' id='word_1_150' title='bbox 765 3332 890 3401; x_wconf 87' lang='lat' dir='ltr'><strong>scriptum</strong></span> <span class='ocrx_word' id='word_1_151' title='bbox 917 3331 966 3385; x_wconf 82' lang='lat' dir='ltr'><strong>lnoc</strong></span> <span class='ocrx_word' id='word_1_152' title='bbox 990 3346 1110 3396; x_wconf 76' lang='lat' dir='ltr'><strong>carmen,</strong></span> <span class='ocrx_word' id='word_1_153' title='bbox 1138 3345 1197 3383; x_wconf 84' lang='lat' dir='ltr'><strong>cunr</strong></span> 
     </span>
    </p>
   </div>
   <div class='ocr_carea' id='block_1_7' title="bbox 60 3426 1198 3499">
    <p class='ocr_par' dir='ltr' id='par_1_7' title="bbox 60 3426 1198 3499">
     <span class='ocr_line' id='line_1_18' title="bbox 60 3426 1198 3499; baseline -0.003 -14"><span class='ocrx_word' id='word_1_154' title='bbox 60 3477 69 3485; x_wconf 94' lang='lat'><strong><em>.</em></strong></span> <span class='ocrx_word' id='word_1_155' title='bbox 175 3427 288 3496; x_wconf 89' lang='lat' dir='ltr'><strong>primum</strong></span> <span class='ocrx_word' id='word_1_156' title='bbox 312 3426 346 3480; x_wconf 79' lang='lat' dir='ltr'><strong>erl</strong></span> <span class='ocrx_word' id='word_1_157' title='bbox 370 3430 499 3499; x_wconf 89' lang='lat' dir='ltr'><strong>stipendia</strong></span> <span class='ocrx_word' id='word_1_158' title='bbox 523 3432 653 3499; x_wconf 85' lang='lat' dir='ltr'><strong>equestria</strong></span> <span class='ocrx_word' id='word_1_159' title='bbox 672 3431 797 3485; x_wconf 79' lang='lat' dir='ltr'><strong>merenda</strong></span> <span class='ocrx_word' id='word_1_160' title='bbox 815 3431 893 3484; x_wconf 89' lang='lat' dir='ltr'><strong>domo</strong></span> <span class='ocrx_word' id='word_1_161' title='bbox 911 3437 1067 3485; x_wconf 78' lang='lat' dir='ltr'><strong>avocaretur</strong></span> <span class='ocrx_word' id='word_1_162' title='bbox 1083 3432 1110 3485; x_wconf 91' lang='lat' dir='ltr'><strong>in</strong></span> <span class='ocrx_word' id='word_1_163' title='bbox 1130 3432 1198 3484; x_wconf 88' lang='lat' dir='ltr'><strong>mili-</strong></span> 
     </span>
    </p>
   </div>
   <div class='ocr_carea' id='block_1_8' title="bbox 175 3525 1213 4201">
    <p class='ocr_par' dir='ltr' id='par_1_8' title="bbox 175 3525 1213 4201">
     <span class='ocr_line' id='line_1_19' title="bbox 175 3525 1200 3600; baseline 0.006 -22"><span class='ocrx_word' id='word_1_164' title='bbox 175 3526 239 3581; x_wconf 90' lang='lat' dir='ltr'><strong>tiam</strong></span> <span class='ocrx_word' id='word_1_165' title='bbox 263 3525 384 3581; x_wconf 83' lang='lat' dir='ltr'><strong>Tibullus</strong></span> <span class='ocrx_word' id='word_1_166' title='bbox 409 3528 570 3583; x_wconf 85' lang='lat' dir='ltr'><strong>ndolescens.</strong></span> <span class='ocrx_word' id='word_1_167' title='bbox 607 3528 675 3582; x_wconf 86' lang='lat' dir='ltr'><strong>Nam</strong></span> <span class='ocrx_word' id='word_1_168' title='bbox 700 3529 894 3584; x_wconf 75' lang='lat' dir='ltr'><strong>adolescentem</strong></span> <span class='ocrx_word' id='word_1_169' title='bbox 918 3531 944 3583; x_wconf 89' lang='lat' dir='ltr'><strong>in</strong></span> <span class='ocrx_word' id='word_1_170' title='bbox 971 3546 1004 3585; x_wconf 92' lang='lat' dir='ltr'><strong>eo</strong></span> <span class='ocrx_word' id='word_1_171' title='bbox 1029 3532 1100 3599; x_wconf 90' lang='lat' dir='ltr'><strong>loqui</strong></span> <span class='ocrx_word' id='word_1_172' title='bbox 1126 3535 1200 3600; x_wconf 89' lang='lat' dir='ltr'><strong>petet</strong></span> 
     </span>
     <span class='ocr_line' id='line_1_20' title="bbox 177 3625 1198 3700; baseline 0.004 -23"><span class='ocrx_word' id='word_1_173' title='bbox 177 3625 259 3679; x_wconf 79' lang='lat' dir='ltr'><strong>Lsres</strong></span> <span class='ocrx_word' id='word_1_174' title='bbox 274 3635 302 3681; x_wconf 92' lang='lat' dir='ltr'><strong>et</strong></span> <span class='ocrx_word' id='word_1_175' title='bbox 318 3628 406 3683; x_wconf 83' lang='lat' dir='ltr'><strong>locum</strong></span> <span class='ocrx_word' id='word_1_176' title='bbox 423 3631 535 3696; x_wconf 77' lang='lat' dir='ltr'><strong>avitum,</strong></span> <span class='ocrx_word' id='word_1_177' title='bbox 553 3630 598 3684; x_wconf 90' lang='lat' dir='ltr'><strong>ubi</strong></span> <span class='ocrx_word' id='word_1_178' title='bbox 617 3630 742 3684; x_wconf 85' lang='lat' dir='ltr'><strong>educatus</strong></span> <span class='ocrx_word' id='word_1_179' title='bbox 762 3635 833 3696; x_wconf 86' lang='lat' dir='ltr'><strong>erat,</strong></span> <span class='ocrx_word' id='word_1_180' title='bbox 852 3646 920 3683; x_wconf 90' lang='lat' dir='ltr'><strong>nunc</strong></span> <span class='ocrx_word' id='word_1_181' title='bbox 939 3631 1050 3700; x_wconf 85' lang='lat' dir='ltr'><strong>primum</strong></span> <span class='ocrx_word' id='word_1_182' title='bbox 1067 3644 1127 3684; x_wconf 84' lang='lat' dir='ltr'><strong>cum</strong></span> <span class='ocrx_word' id='word_1_183' title='bbox 1143 3635 1198 3682; x_wconf 87' lang='lat' dir='ltr'><strong>ter-</strong></span> 
     </span>
     <span class='ocr_line' id='line_1_21' title="bbox 176 3720 1198 3793; baseline 0.007 -20"><span class='ocrx_word' id='word_1_184' title='bbox 176 3720 213 3772; x_wconf 90' lang='lat' dir='ltr'><strong>ris</strong></span> <span class='ocrx_word' id='word_1_185' title='bbox 229 3723 377 3793; x_wconf 74' lang='lat' dir='ltr'><strong>longinquis</strong></span> <span class='ocrx_word' id='word_1_186' title='bbox 393 3736 560 3784; x_wconf 74' lang='lat' dir='ltr'><strong>mutaturum.</strong></span> <span class='ocrx_word' id='word_1_187' title='bbox 606 3730 672 3785; x_wconf 89' lang='lat' dir='ltr'><strong>Vide</strong></span> <span class='ocrx_word' id='word_1_188' title='bbox 689 3732 817 3784; x_wconf 82' lang='lat' dir='ltr'><strong>Psssovn</strong></span> <span class='ocrx_word' id='word_1_189' title='bbox 836 3730 1086 3785; x_wconf 81' lang='lat' dir='ltr'><strong>Commentationem</strong></span> <span class='ocrx_word' id='word_1_190' title='bbox 1103 3726 1198 3781; x_wconf 86' lang='lat' dir='ltr'><strong>acade-</strong></span> 
     </span>
     <span class='ocr_line' id='line_1_22' title="bbox 175 3819 1213 3903; baseline 0 -28"><span class='ocrx_word' id='word_1_191' title='bbox 175 3819 270 3875; x_wconf 64' lang='lat' dir='ltr'><strong>micam</strong></span> <span class='ocrx_word' id='word_1_192' title='bbox 286 3824 330 3875; x_wconf 78' lang='lat' dir='ltr'><strong>De</strong></span> <span class='ocrx_word' id='word_1_193' title='bbox 348 3825 440 3880; x_wconf 79' lang='lat' dir='ltr'><strong>ordine</strong></span> <span class='ocrx_word' id='word_1_194' title='bbox 465 3838 627 3901; x_wconf 75' lang='lat' dir='ltr'><strong>temporum,</strong></span> <span class='ocrx_word' id='word_1_195' title='bbox 656 3829 808 3903; x_wconf 74' lang='lat' dir='ltr'><strong>peroptimi</strong></span> <span class='ocrx_word' id='word_1_196' title='bbox 825 3827 887 3881; x_wconf 84' lang='lat' dir='ltr'><strong>librr&#39;</strong></span> <span class='ocrx_word' id='word_1_197' title='bbox 904 3829 1005 3901; x_wconf 77' lang='lat' dir='ltr'><strong>elegias</strong></span> <span class='ocrx_word' id='word_1_198' title='bbox 1022 3825 1131 3896; x_wconf 64' lang='lat' dir='ltr'><strong>serpsit</strong></span> <span class='ocrx_word' id='word_1_199' title='bbox 1152 3825 1213 3903; x_wconf 66' lang='lat' dir='ltr'><strong>{Pi-v</strong></span> 
     </span>
     <span class='ocr_line' id='line_1_23' title="bbox 175 3914 1198 3998; baseline 0.008 -31"><span class='ocrx_word' id='word_1_200' title='bbox 175 3914 282 3978; x_wconf 75' lang='lat' dir='ltr'><strong>ballue,</strong></span> <span class='ocrx_word' id='word_1_201' title='bbox 309 3921 460 3982; x_wconf 71' lang='lat' dir='ltr'><strong>Vrarnlav.</strong></span> <span class='ocrx_word' id='word_1_202' title='bbox 485 3945 549 3980; x_wconf 83' lang='lat' dir='ltr'><strong>ann.</strong></span> <span class='ocrx_word' id='word_1_203' title='bbox 569 3933 648 3983; x_wconf 80' lang='lat' dir='ltr'><strong>isui.</strong></span> <span class='ocrx_word' id='word_1_204' title='bbox 676 3947 736 3998; x_wconf 78' lang='lat' dir='ltr'><strong>pag.</strong></span> <span class='ocrx_word' id='word_1_205' title='bbox 758 3933 791 3982; x_wconf 84' lang='grc'><strong>13</strong></span> <span class='ocrx_word' id='word_1_206' title='bbox 809 3945 866 3997; x_wconf 90' lang='lat' dir='ltr'><strong>sqq.</strong></span> <span class='ocrx_word' id='word_1_207' title='bbox 903 3928 1042 3981; x_wconf 87' lang='lat' dir='ltr'><strong>Posuimus</strong></span> <span class='ocrx_word' id='word_1_208' title='bbox 1067 3925 1147 3993; x_wconf 79' lang='lat' dir='ltr'><strong>igitur</strong></span> <span class='ocrx_word' id='word_1_209' title='bbox 1172 3925 1198 3977; x_wconf 89' lang='lat' dir='ltr'><strong>in</strong></span> 
     </span>
     <span class='ocr_line' id='line_1_24' title="bbox 175 4015 1198 4119; baseline 0.006 -49"><span class='ocrx_word' id='word_1_210' title='bbox 175 4016 239 4070; x_wconf 85' lang='lat' dir='ltr'><strong>Vita</strong></span> <span class='ocrx_word' id='word_1_211' title='bbox 256 4015 358 4073; x_wconf 83' lang='lat' dir='ltr'><strong>Tibulli</strong></span> <span class='ocrx_word' id='word_1_212' title='bbox 376 4028 480 4119; x_wconf 64' lang='lat' dir='ltr'><strong>tempus</strong></span> <span class='ocrx_word' id='word_1_213' title='bbox 497 4030 598 4097; x_wconf 74' lang='lat' dir='ltr'><strong>elegire</strong></span> <span class='ocrx_word' id='word_1_214' title='bbox 615 4033 677 4085; x_wconf 90' lang='lat' dir='ltr'><strong>circ.</strong></span> <span class='ocrx_word' id='word_1_215' title='bbox 696 4046 755 4086; x_wconf 86' lang='lat' dir='ltr'><strong>eun.</strong></span> <span class='ocrx_word' id='word_1_216' title='bbox 774 4034 835 4084; x_wconf 76' lang='lat' dir='ltr'><strong>tin.</strong></span> <span class='ocrx_word' id='word_1_217' title='bbox 855 4047 879 4083; x_wconf 82' lang='lat' dir='ltr'><strong>s.</strong></span> <span class='ocrx_word' id='word_1_218' title='bbox 898 4044 924 4083; x_wconf 90' lang='grc' dir='ltr'><strong>ιι.</strong></span> <span class='ocrx_word' id='word_1_219' title='bbox 943 4044 967 4080; x_wconf 88' lang='lat' dir='ltr'><strong>c.</strong></span> <span class='ocrx_word' id='word_1_220' title='bbox 1008 4025 1060 4079; x_wconf 80' lang='lat' dir='ltr'><strong>Est</strong></span> <span class='ocrx_word' id='word_1_221' title='bbox 1077 4023 1198 4090; x_wconf 88' lang='lat' dir='ltr'><strong>omnium,</strong></span> 
     </span>
     <span class='ocr_line' id='line_1_25' title="bbox 175 4116 1198 4201; baseline -0.005 -19"><span class='ocrx_word' id='word_1_222' title='bbox 175 4132 240 4182; x_wconf 76' lang='lat' dir='ltr'><strong>luas</strong></span> <span class='ocrx_word' id='word_1_223' title='bbox 257 4116 383 4174; x_wconf 86' lang='lat' dir='ltr'><strong>habemus</strong></span> <span class='ocrx_word' id='word_1_224' title='bbox 401 4139 417 4176; x_wconf 90' lang='lat' dir='ltr'><strong>s</strong></span> <span class='ocrx_word' id='word_1_225' title='bbox 434 4124 556 4195; x_wconf 81' lang='lat' dir='ltr'><strong>Tibullo,</strong></span> <span class='ocrx_word' id='word_1_226' title='bbox 573 4131 665 4199; x_wconf 88' lang='lat' dir='ltr'><strong>prima.</strong></span> <span class='ocrx_word' id='word_1_227' title='bbox 702 4134 790 4201; x_wconf 72' lang='lat' dir='ltr'><strong>Vulpo</strong></span> <span class='ocrx_word' id='word_1_228' title='bbox 809 4132 843 4186; x_wconf 84' lang='lat' dir='ltr'><strong>‹le</strong></span> <span class='ocrx_word' id='word_1_229' title='bbox 860 4127 1017 4200; x_wconf 78' lang='lat' dir='ltr'><strong>Aquitanico</strong></span> <span class='ocrx_word' id='word_1_230' title='bbox 1035 4125 1105 4179; x_wconf 87' lang='lat' dir='ltr'><strong>bello</strong></span> <span class='ocrx_word' id='word_1_231' title='bbox 1124 4126 1198 4192; x_wconf 84' lang='lat' dir='ltr'><strong>cogi-</strong></span> 
     </span>
    </p>
   </div>
   <div class='ocr_carea' id='block_1_9' title="bbox 0 0 1510 4725">
    <p class='ocr_par' dir='ltr' id='par_1_9' title="bbox 0 0 1510 4725">
     <span class='ocr_line' id='line_1_26' title="bbox 0 0 1510 4725; baseline 0 5"><span class='ocrx_word' id='word_1_232' title='bbox 0 0 1510 4725; x_wconf 95' lang='lat' dir='ltr'><strong> </strong></span> 
     </span>
    </p>
   </div>
  </div>
 </body>
</html>
