3009 4725
323 380 375 455 84
618 381 802 453 TIBULLl
836 382 920 454 LlB.
941 381 999 459 lv.
1021 399 1044 455 1.

382 568 451 641 Seu
473 567 616 667 propior
641 569 739 641 terris
763 570 924 643 aestivum
948 569 1056 642 fertur
1075 569 1112 642 in
1137 570 1255 644 orbem

323 697 453 770 nosen
480 695 568 771 celer
593 696 757 772 hibernas
782 717 944 801 properet
966 700 1147 772 decurrere
1168 698 1279 773 luces:

383 828 461 899 Non
486 826 592 925 igitur
616 856 735 927 presso
760 828 857 901 tellus
884 829 1017 924 exurgit
1039 846 1171 917 aratro,

381 955 451 1029 Nec
477 955 612 1056 frugem
636 973 765 1055 segetes
791 957 957 1056 praebent
982 983 1045 1030 nec
1067 956 1195 1057 pabula
1215 974 1342 1032 terrae:

381 1087 458 1160 Non
484 1086 554 1161 illic
587 1086 667 1160 colit
699 1115 779 1159 arva
811 1087 913 1175 deus,
944 1085 1143 1161 Bacchusue
1168 1088 1318 1177 Ceresue,
1407 1145 1413 1159 .

377 1216 480 1292 Nulla
501 1245 564 1291 nec
586 1233 718 1289 exustas
745 1215 901 1289 habitant
922 1217 1080 1291 animalia
1103 1237 1226 1318 partes.

306 1345 513 1432 rssFerrilis
537 1346 625 1417 hanc
652 1344 741 1417 inter
765 1345 876 1444 posita
899 1363 949 1419 est
973 1347 1128 1447 interque
1153 1346 1301 1443 rigentes

377 1476 568 1574 Nostraque
586 1491 617 1547 ct
633 1473 714 1548 huic
736 1473 878 1548 adversa
896 1476 970 1549 solo
983 1504 1064 1576 pars
1088 1475 1193 1550 alteru
1211 1494 1342 1566 nostro,

376 1605 473 1701 Quas
499 1604 617 1678 similis
644 1604 804 1705 utrinque
829 1623 949 1679 tenens
974 1606 1107 1680 vicinia'
1125 1605 1209 1679 caeli

369 1736 575 1836 Temperat,
610 1733 694 1808 alter
718 1753 750 1808 et
778 1733 916 1809 alterius
942 1735 1030 1809 vires
1054 1754 1153 1810 necat
1179 1765 1254 1811 aer:

373 1865 463 1938 Hinc
488 1864 647 1965 placidus
667 1855 768 1938 nuliis
785 1892 848 1966 per
872 1882 1026 1966 tempora
1052 1867 1192 1940 venitur
1212 1896 1340 1941 annus:

317 1994 443 2068 mollio
469 2010 502 2068 et
529 1992 615 2066 colla
638 1993 720 2092 iugo
747 1994 870 2068 didicit
894 1996 1103 2069 summittere
1127 2013 1246 2086 taurus

373 2123 417 2195 Et
442 2121 532 2195 lenta
558 2121 708 2197 excelsos
733 2123 810 2197 vitis
837 2123 1066 2197 conscendere
1092 2149 1222 2207 ramos,

374 2250 620 2353 Tundeturquc
642 2281 738 2352 seges
764 2269 915 2324 maturos
941 2277 1055 2323 annua
1077 2265 1213 2349 partus,

373 2382 417 2459 Et
442 2382 534 2457 ser'ro
561 2384 676 2471 tellus,
706 2398 833 2482 pontus
856 2378 1067 2452 confinditur
1093 2405 1187 2468 aere,

373 2512 470 2609 Quin
495 2514 594 2587 etium
620 2509 757 2584 structis
782 2526 952 2607 exurgunt
975 2509 1105 2610 oppida
1129 2507 1247 2582 muris.

316 2662 368 2716 175
377 2643 481 2742 Ergo,
507 2643 566 2716 ubi
592 2639 786 2742 praeclaros
812 2640 914 2713 ierint
940 2657 998 2714 tua
1021 2640 1112 2714 facta
1132 2637 1336 2740 triumphos,

373 2772 475 2846 Solus
502 2791 646 2874 utroque
672 2771 764 2843 idem
791 2770 915 2843 diceris
939 2799 1086 2869 magnus
1112 2770 1147 2843 in
1172 2769 1265 2842 orbe,

422 2904 501 2976 Nun
526 2930 589 3000 ego
612 2928 687 2973 sum
711 2898 794 2972 satis
811 2899 856 2972 ad
876 2917 988 2974 tantae
1008 2899 1192 3000 praeconia
1213 2896 1335 2986 laudis,

371 3034 450 3134 Ipse
475 3031 559 3107 mihi
586 3058 657 3104 non
684 3029 713 3103 si
739 3030 952 3131 praescribat
986 3031 1138 3106 carmina
1162 3029 1333 3104 Phoebus.

384 3269 417 3323 V.
433 3272 492 3322 161.
517 3268 631 3336 igitur
656 3264 718 3320 Cur.
737 3283 801 3321 ver.
847 3267 936 3321 Ceteri
962 3284 1033 3340 ergo.
1051 3294 1086 3307 -
1127 3266 1172 3319 Pr.
1191 3264 1334 3330 exurgit

311 3366 392 3434 vulgo
415 3344 552 3438 consurgit
575 3367 676 3421 incerto
700 3370 815 3419 auctore.

383 3483 416 3536 V.
428 3486 489 3536 167.
511 3484 640 3538 similis
660 3485 823 3550 utrinque
842 3488 978 3547 tenens,
1005 3479 1130 3548 producte
1148 3477 1216 3529 finali
1234 3472 1334 3540 syllaba

311 3594 336 3631 v.
361 3576 457 3630 similis
484 3581 510 3633 in
536 3598 653 3637 neuun.
697 3582 785 3649 Vulgo
812 3581 940 3650 utrinque
966 3586 1058 3627 tenens
1082 3573 1177 3625 similis
1203 3588 1238 3626 ex
1263 3573 1334 3626 tibris

314 3677 441 3745 pessimis.
454 3707 489 3719 —
525 3681 558 3734 V.
571 3685 633 3735 168.
656 3686 758 3735 necet
779 3679 879 3733 Irrrur
903 3678 929 3727 iu
946 3674 1063 3741 margine
1084 3672 1125 3726 ed.
1144 3672 1241 3727 venet.
1254 3676 1335 3726 1475.

313 3776 384 3846 epud
406 3777 557 3833 Herssrurr.
593 3779 668 3832 Libri
691 3786 789 3850 negat„

382 3899 415 3953 V.
428 3903 489 3953 175.
512 3916 563 3968 per
583 3897 671 3950 claros
688 3899 832 3952 sennenn
851 3894 885 3948 de
907 3896 1071 3961 coniectura,
1095 3896 1193 3962 optima
1216 3899 1247 3946 ut
1263 3893 1336 3945 ride·

309 4000 366 4064 tur,
397 4014 437 4067 pr.
462 3997 732 4067 praeclares-
775 3995 1061 4050 termonem.
1105 3993 1194 4050 Ceteri
1218 4001 1334 4062 poscent.

308 4096 505 4151 Lucnrruunus
525 4109 588 4147 vero
609 4088 843 4148 coniecit'cierr'nt.
