3009 4725
868 312 1087 376 LIBR.
1131 315 1241 376 111.
1327 314 1570 380 ELEG.
1612 318 1725 380 vl.
1853 365 1858 369 -
2189 330 2308 385 371

290 499 414 550 iram
464 503 518 550 et
564 493 629 549 ad
682 494 803 546 vina
853 498 1078 545 mentem
1125 499 1351 545 revocat.
1430 492 1772 549 Nihilominus
1814 496 2033 552 nondum
2071 514 2152 552 res
2191 516 2310 552 sue·

290 595 458 661 cedit,
511 600 566 647 et
613 593 864 647 relabitur
898 592 1067 644 denuo
1104 590 1168 644 ad
1206 593 1476 658 querelas3
1524 595 1616 648 sed
1654 611 1774 650 mox
1811 597 1995 651 iterum
2032 614 2091 653 se
2127 616 2312 653 conso-

286 697 421 749 latur
454 701 699 763 reputans
734 693 1031 758 docensque
1067 691 1290 759 periuria
1326 693 1602 747 amantium
1639 695 1886 749 solemnia
1938 712 2084 764 esse,
2129 699 2315 766 quibus

288 792 437 844 tidem
475 791 665 845 babere
701 791 919 844 stultum
955 789 1040 841 sit.
1111 787 1285 842 Etiam
1324 806 1458 843 nunc
1499 797 1670 846 tamen
1716 797 1939 863 resurgit
1989 798 2173 851 iterum
2219 798 2313 851 de-

287 892 531 945 siderium
569 890 836 955 Neaerae,
887 888 981 941 sed
1032 887 1223 955 fugatis
1269 889 1445 942 statim
1496 892 1649 946 etiam
1701 891 1777 946 his
1830 896 1967 948 curis
2014 896 2220 951 tandem
2267 898 2317 949 in

303 994 405 1046 tine
458 992 697 1045 carminis
750 989 816 1044 ad
871 988 1178 1041 bilaritatem
1237 990 1483 1043 maiorem
1535 994 1798 1060 pervenit,
1851 996 2052 1050 iocatur
2104 997 2173 1051 de
2226 1013 2322 1051 usu

296 1092 530 1174 puellae,
585 1089 767 1143 fortius
803 1103 1000 1142 merum
1039 1088 1270 1157 postulat
1305 1094 1360 1140 et
1393 1088 1688 1143 iamdudum
1721 1098 1880 1160 caput
1913 1097 2188 1161 unguentis
2224 1079 2342 1149 de?

298 1191 513 1243 libutum
564 1196 620 1243 et
669 1194 969 1242 coronatum
1028 1187 1171 1239 velit.
1258 1186 1418 1240 Amor
1472 1187 1707 1242 Neaerae
1759 1191 1924 1243 victus
1977 1199 2075 1245 est.
2164 1194 2325 1247 Vides

298 1292 549 1344 rationem
597 1289 862 1343 carminise
917 1287 1138 1340 redeunt
1185 1286 1355 1339 omnia
1394 1300 1489 1351 eo,
1535 1294 1594 1339 ut
1629 1302 1784 1341 curae
1821 1291 2010 1343 amoris
2047 1291 2318 1360 pellantur,

303 1404 438 1455 quae
488 1404 573 1440 res
622 1402 738 1440 cum
788 1400 892 1439 non
924 1385 1100 1439 statim
1134 1384 1384 1437 succedat
1420 1391 1475 1437 et
1511 1384 1786 1439 identidem
1827 1388 2090 1443 relabatur
2124 1392 2326 1445 animus

300 1490 364 1541 ad
402 1488 636 1540 dolorem
671 1492 728 1540 et
761 1487 1057 1555 querelam,
1102 1487 1330 1539 nascitur
1375 1486 1452 1540 sic
1494 1493 1850 1554 argumentum
1903 1492 2136 1558 elegiae,
2189 1509 2325 1560 quae

302 1588 580 1639 luctantem
627 1585 839 1638 exhibet
883 1592 1094 1655 poetam
1144 1600 1261 1639 cum
1312 1585 1450 1637 curis
1500 1585 1722 1651 amoris,
1786 1585 1954 1643 donec
2001 1604 2090 1641 eas
2139 1590 2326 1645 vincat.

300 1695 474 1758 Atque
508 1686 634 1739 haec
670 1693 750 1739 est
783 1701 934 1754 quam
971 1685 1183 1740 laudant
1218 1686 1438 1738 varietas
1489 1686 1803 1751 affectuum,
1851 1693 1910 1740 tu
1958 1687 2101 1741 vides
2137 1690 2326 1744 luctam

306 1804 423 1842 esse
458 1804 575 1842 cum
612 1787 811 1849 eodem,
846 1796 931 1841 ter
965 1788 1230 1841 relabente
1269 1792 1423 1856 poeta
1460 1786 1526 1840 ad
1564 1788 1846 1854 querelam,
1881 1794 1964 1842 ter
1997 1804 2057 1842 se
2093 1790 2331 1857 erigente

307 1906 499 1944 rursus.
568 1890 762 1943 Tibulli
811 1891 1045 1959 spiritum
1098 1906 1385 1957 nervosque
1432 1893 1588 1943 etiam
1638 1889 1765 1944 haec
1813 1892 1981 1959 elegia
2020 1908 2120 1945 non
2159 1892 2332 1957 habet,

309 2006 560 2059 nusquam
594 1991 658 2044 ad
697 1992 796 2045 vim
835 1992 1113 2046 Tibulliaui
1149 1993 1404 2058 affectus,
1439 1992 1506 2044 ad
1543 1990 1868 2045 Tibullianae
1904 1994 2151 2045 orationis
2185 1996 2335 2059 rigo-

308 2107 418 2145 rem
468 2108 779 2161 assurgens,
835 2108 931 2145 nec
977 2092 1225 2146 valedixit
1274 2091 1363 2144 tali
1411 2092 1639 2144 carmine
1672 2090 1913 2145 Tibullus
1957 2097 2158 2144 amatae
2195 2092 2336 2159 prius

310 2189 503 2254 Deliae,
527 2191 619 2244 sed
642 2193 798 2246 tacite
826 2192 1077 2245 discessit.
1138 2195 1317 2245 Artem
1348 2205 1470 2244 vero
1498 2190 1692 2243 Tibulli
1723 2192 1811 2258 qui
1841 2192 1996 2256 novit,
2023 2189 2337 2243 desiderabit

311 2289 482 2339 statim
530 2289 903 2356 descriptiones
952 2290 1254 2343 disertiores
1302 2291 1581 2344 affectuum
1619 2291 1746 2344 alias
1780 2298 1937 2360 atque
1974 2292 2100 2344 alias
2137 2289 2338 2356 (mech-

313 2384 489 2433 selnde
528 2384 819 2433 Geme'iblde
869 2386 961 2433 des
1005 2387 1309 2437 Schmerzes
1343 2390 1457 2438 und
1496 2390 1590 2439 der
1637 2392 2061 2461 Friilzlichkeiz),
2120 2392 2342 2445 maxime

316 2478 397 2531 hic
444 2483 794 2544 necessarias3
849 2495 1025 2532 verum
1077 2483 1227 2534 dolor
1282 2485 1488 2534 omnino
1538 2502 1640 2538 non
1690 2489 1987 2555 depingitur
2034 2495 2339 2558 accuratius,

309 2581 401 2634 sed
441 2580 527 2632 vix
564 2587 708 2633 ortus
742 2580 916 2632 statim
955 2578 1286 2646 deprimitur,
1324 2578 1551 2630 hilaritas
1585 2586 1759 2632 autem
1795 2585 1872 2635 sic
1907 2585 2016 2637 fere
2052 2587 2342 2644 declaratur

312 2695 546 2748 semper,
595 2684 657 2731 ut
702 2677 768 2731 ad
817 2676 1096 2730 bibendum
1144 2692 1206 2730 se
1253 2674 1556 2729 exhortetur
1597 2682 1753 2746 poeta
1801 2685 1856 2731 et
1901 2696 2052 2733 curas
2086 2683 2229 2736 abire
2263 2686 2344 2736 lu-

324 2781 470 2845 beat,
517 2781 655 2833 nulla
693 2777 983 2848 pulchriore
1022 2777 1305 2831 variatione
1342 2777 1708 2829 sententiarum
1745 2775 2000 2842 adbibita,
2038 2793 2100 2829 ac
2135 2779 2230 2831 nisi
2265 2782 2346 2832 lo·

329 2894 421 2931 cus
459 2879 524 2930 de
572 2878 809 2946 periuriis
844 2876 1123 2931 amantium
1162 2875 1371 2928 adesset
1408 2874 1694 2944 (45-50),
1745 2877 1832 2928 ubi
1867 2875 2058 2944 aliquid
2094 2883 2238 2929 certe
2270 2879 2352 2931 di-

318 2982 455 3032 citur
487 2979 735 3048 amplius,
789 2977 1161 3048 propemodum
1211 2975 1337 3030 nihil
1373 2981 1579 3046 praeter
1623 2977 1782 3030 verba
1820 2978 1871 3030 in
1919 2982 2030 3030 tota
2066 2976 2236 3043 elegia
2272 2977 2352 3029 vi·

251 3153 260 3158 η
319 3082 484 3135 deres.
560 3081 711 3135 Quae
745 3078 919 3147 inopia
954 3093 1124 3131 rerum
1162 3077 1422 3146 quomodo
1447 3077 1741 3131 Tibulliana
1774 3077 1936 3132 videri
1970 3077 2214 3147 potuerit,
2249 3076 2353 3129 dir-

324 3183 460 3235 ficlle
496 3186 577 3234 est
612 3181 830 3248 assequi.
902 3179 1052 3231 Facit
1089 3178 1217 3232 haec
1254 3179 1456 3248 iuopia,
1510 3185 1568 3231 ut
1616 3184 1782 3232 totum
1832 3195 2037 3232 carmen
2086 3177 2209 3232 nihil
2257 3177 2354 3231 uisi

334 3283 535 3336 inanem
587 3282 755 3334 lusum
805 3280 1021 3333 duorum
1060 3289 1293 3335 motuum
1346 3281 1562 3344 offerat,
1623 3281 1710 3346 qui
1747 3279 2007 3334 fastidium
2047 3279 2167 3334 facit
2203 3282 2359 3333 toties

330 3384 597 3451 repetitus.
670 3383 945 3435 Postremo
980 3381 1119 3432 aliud
1158 3383 1223 3433 de
1261 3381 1423 3433 forma
1458 3380 1846 3447 compositionis
1872 3396 2076 3438 moneo.
2153 3380 2359 3434 Etenim

323 3479 506 3537 ditisio
535 3484 805 3549 carminis,
840 3484 1020 3549 quales
1056 3482 1213 3548 vulgo
1253 3478 1530 3544 habentur,
1573 3478 1653 3532 hic
1689 3488 1770 3533 est
1806 3485 1975 3537 nulla=
2031 3498 2132 3536 non
2169 3481 2359 3536 habent

322 3582 403 3634 hit:
447 3587 748 3651 primipium
792 3591 840 3635 et
884 3583 992 3631 litiis.
1032 3583 1166 3634 alind
1202 3581 1467 3648 negotium
1508 3597 1659 3647 quam
1714 3585 1937 3636 medium
1974 3600 2212 3648 carmen,
2264 3584 2357 3636 sed

335 3683 595 3731 {irnisurmis
635 3699 659 3731 a
703 3687 864 3747 primu
908 3699 1056 3735 rursu
1100 3683 1160 3731 εῃῐ
1197 3683 1431 3735 ultimum
1483 3682 1711 3735 decurrit
1746 3683 2023 3747 tractatio;
2079 3696 2196 3734 uam
2248 3686 2367 3748 post

335 3783 639 3847 priumipium
691 3787 880 3835 laetum
924 3787 1100 3835 tramit
1156 3783 1219 3836 ad
1270 3786 1584 3839 contrarium
1624 3798 1866 3847 sensum,
1920 3782 2045 3835 iude
2080 3784 2144 3835 fit
2175 3782 2370 3835 reditus

335 3880 395 3928 ml
439 3880 599 3944 luein,
659 3896 688 3928 n
739 3884 924 3944 quihus
972 3884 1219 3936 ¹restituitur
1245 3864 1323 3935 'ad
1364 3886 1626 3941 tristitiam
1663 3889 1716 3934 et
1752 3882 1836 3934 sic
1874 3898 2075 3950 porro,
2134 3888 2196 3934 ut
2230 3896 2381 3948 supra

339 3984 551 4032 narrari.
627 3980 896 4032 Habemus
952 3988 1104 4048 igitur
1156 3983 1235 4038 hic
1285 3996 1585 4067 exemplum
1640 3985 1759 4038 18¹3ss
1817 3986 2269 4064 composfflou’sss
2312 3981 2400 4032 um

331 4084 439 4132 sint:
495 4084 591 4132 ullu
643 4084 836 4136 muium
896 4084 1140 4136 dii-ismae
1187 4098 1445 4158 perpetuo
1486 4105 1643 4162 cumn
1690 4085 1759 4139 ab
1819 4086 1994 4159 inm„
2021 4091 2097 4160 ad
2144 4084 2312 4137 {mem
2338 4077 2424 4129 ὼ·

1676 4184 1826 4250 24*
