3009 4725
469 397 581 462 LIBR.
602 399 628 462 1.
670 398 792 465 ELEG.
814 403 871 466 Vl.
1117 418 1176 479 141

157 587 253 651 debes,
271 580 340 652 qnod
360 593 453 649 precor
471 577 536 632 deos
552 585 583 630 ut
600 578 646 631 tibi
665 586 786 647 parcant,
804 580 850 634 sed
869 585 958 638 matris
975 589 1081 642 metitis.
1118 591 1179 646 Non

159 701 248 755 pamm
267 684 346 736 iratus
365 684 421 744 est,
449 683 479 730 ut
496 678 582 742 vides,
611 682 697 745 poeta.
743 683 819 732 :iurat
843 684 947 748 quidem
969 689 1080 756 puellam
1100 693 1179 746 etiarn

159 801 240 856 nnnc,
258 783 304 838 sed
324 789 411 834 lamen
429 780 514 832 minus
530 780 581 829 iarn
600 779 671 830 molli
688 779 783 832 allecto
803 798 878 848 qnam
897 793 973 852 ante,
991 795 1020 843 at
1036 807 1095 844 cnut
1114 810 1178 862 poe·
1225 771 1227 778 ,

158 904 216 941 nam
234 888 315 939 levain
334 887 424 950 optat,
450 879 522 946 (quis
542 880 736 932 animamarum
756 885 845 947 gravia
863 888 929 939 mais
947 892 1002 956 pati
1020 892 1117 960 veliti)
1136 910 1179 948 ro-

158 988 329 1060 prehensione
355 991 440 1036 tomen
466 981 603 1033 verborum
622 986 649 1032 ct
666 980 841 1035 admonitione
859 1000 948 1038 serora
965 991 1048 1044 utitur
1064 996 1178 1062 acrique,

158 1090 259 1155 qrralcm
284 1087 310 1138 in
335 1085 406 1136 nnllo
429 1084 481 1135 alio
506 1082 597 1133 Deliae
621 1083 720 1150 scripto
744 1083 858 1136 carmine
883 1085 978 1143 vidisti.
995 1118 1031 1129 —
1057 1108 1178 1162 aurea,

160 1191 257 1258 optima
275 1194 302 1240 et
319 1186 457 1238 cariuinra.
482 1183 625 1235 Paorsnn.
643 1182 689 1247 lv,
706 1188 733 1247 ¹1,
751 1188 797 1236 85.
833 1187 872 1237 Ac
890 1203 948 1239 cnm
967 1193 1050 1244 minus
1068 1195 1134 1250 bene
1151 1207 1179 1251 et

162 1291 263 1360 poetice
281 1287 408 1341 dixissets
437 1283 484 1336 sed
503 1290 548 1337 tus
566 1289 649 1336 mater
664 1299 706 1335 me
724 1291 813 1337 movet
830 1291 908 1351 atque
926 1289 978 1340 iras
995 1290 1088 1358 vincit,
1112 1311 1178 1361 qno.

161 1391 236 1442 niam·
247 1390 336 1441 ultima
355 1384 456 1454 phrasis
475 1384 514 1435 sic
533 1381 678 1448 languidior
696 1382 796 1458 luisset,
814 1399 881 1436 nnnc
899 1385 993 1441 additis
1010 1392 1109 1445 uerbis:
1127 1412 1179 1447 on.

161 1508 206 1542 rso
223 1505 320 1554 snus,
338 1503 405 1539 nous
422 1483 461 1538 vis
479 1484 582 1538 accedit
600 1491 628 1537 et
645 1484 730 1536 omnia
745 1485 843 1552 optime
856 1484 958 1540 liabent.
995 1491 1105 1559 Saepius
1121 1509 1179 1548 mo·

161 1605 212 1641 neo
229 1589 262 1641 de
278 1586 420 1639 huiusmodi
438 1584 623 1637 additamentis
640 1584 750 1651 poeticis
767 1589 995 1654 ponnnetromn,
1012 1591 1179 1660 ct1‚a‚sa.

160 1686 228 1741 Nam
246 1688 272 1738 iu
290 1686 362 1753 poesl
385 1684 460 1737 isciie
479 1687 604 1752 languent
620 1683 734 1737 secunda
752 1691 781 1737 et
804 1686 881 1738 tertis
906 1688 1021 1743 membra
1046 1695 1178 1762 orationis,

161 1786 239 1838 etiarn
257 1784 318 1836 talis
336 1797 401 1848 quae
420 1791 525 1835 careant
547 1784 612 1836 vitio
636 1783 662 1836 in
689 1799 767 1851 prosa
791 1788 922 1850 oratioue,
949 1789 996 1840 nisi
1014 1805 1079 1843 noro
1097 1810 1178 1861 quse·

162 1882 222 1936 dam
240 1884 278 1935 vis
295 1879 405 1933 accedit.
422 1908 458 1921 -
485 1882 517 1934 V.
536 1886 572 1935 59
590 1898 629 1948 sq·
668 1880 760 1933 Haec
778 1881 856 1933 miii
875 1889 908 1936 te
926 1886 1068 1941 adducit
1085 1898 1178 1946 tene·

161 1983 243 2035 bris.
278 1981 339 2034 Non
359 1994 393 2033 cx
411 1980 517 2032 aedibus
535 1981 589 2032 suis
607 1994 714 2046 egressa
731 1979 806 2031 Delia
824 1995 872 2048 per
889 1983 943 2036 vias
961 1985 993 2037 ad
1012 1987 1108 2041 Tibulli
1128 1990 1178 2044 do·

159 2101 230 2140 mnus
254 2083 418 2154 perducitur,
448 2082 516 2149 quod
539 2081 633 2133 vilibus
659 2080 752 2132 scortis
770 2083 905 2146 convenit,
935 2098 985 2136 non
1003 2087 1047 2137 tali
1066 2090 1178 2154 puellae.

160 2186 205 2240 sed
224 2204 239 2241 e
257 2186 376 2241 cubiculo
395 2199 443 2252 per
460 2184 525 2236 atria
544 2189 571 2236 at
594 2183 722 2251 porticum
748 2180 841 2234 donus
858 2184 928 2236 venit
946 2185 979 2236 ad
1005 2187 1178 2244 intromissum

159 2296 308 2342 amatorem.
344 2287 390 2340 Sic
415 2286 513 2355 optime
540 2286 625 2338 locum
654 2283 786 2336 linimus
812 2284 897 2353 cepit,
925 2291 1003 2351 atque
1027 2284 1077 2339 lroc
1100 2303 1178 2342 senso

158 2390 222 2442 alias
240 2388 328 2440 venire
348 2388 433 2455 puelia
451 2385 546 2440 dicitnr
564 2384 596 2436 ad
615 2385 749 2447 iuvenem,
775 2382 826 2435 vid.
847 2383 869 2448 l,
891 2387 917 2449 9,
935 2386 978 2435 to.
1017 2385 1178 2443 llusonrrus

159 2488 227 2539 bene
245 2486 347 2553 confert
362 2485 468 2536 usion.
488 2483 592 2536 Cutem.
611 2481 753 2548 1,u.‚nbi
772 2480 914 2535 accedente
932 2484 964 2535 ad
984 2485 1084 2537 ianuam
1103 2488 1179 2554 puel·

121 2600 129 2617 ·
160 2589 201 2641 iae
219 2586 383 2641 Phaedromo
402 2599 481 2650 anos,
508 2584 542 2636 dc
561 2584 641 2636 odoro
658 2585 710 2638 riui
732 2585 824 2637 adessa
843 2598 901 2635 eum
922 2586 1050 2651 sentiens,
1069 2603 1178 2655 progre-

157 2685 229 2739 ditur
245 2684 279 2737 ad
297 2683 375 2748 lorea,
394 2688 421 2734 el
439 2698 462 2733 ν.
481 2685 525 2737 dr.
545 2682 621 2734 dicit:
648 2701 680 2733 ne
695 2681 783 2752 plora,
802 2678 905 2736 amabo,
923 2689 955 2731 tu
974 2699 1014 2731 mc
1033 2695 1129 2736 curalo
1145 2704 1179 2737 na

155 2783 265 2839 cilium,
292 2782 351 2851 Ego
374 2777 425 2829 tiis·
445 2779 610 2851 pandamus
627 2779 682 2831 ium
701 2780 755 2830 huc
773 2778 914 2832 oriducom.
950 2780 1026 2846 Apud
1045 2780 1178 2835 Tibullum

157 2883 284 2936 accedunt
302 2879 379 2933 verba
398 2881 504 2932 multo
523 2881 661 2944 timore,
680 2879 779 2943 ciani,
797 2879 989 2942 taciturna,
1008 2892 1074 2943 quae
1092 2880 1178 2930 omnia

159 2983 271 3051 probant
287 2981 314 3032 in
332 2979 418 3031 mariti
439 2978 518 3030 donro
543 2994 599 3030 rem
625 2979 677 3045 agi.
714 2978 775 3030 Huc
793 2979 897 3046 quidem
916 2978 1028 3047 pertinet
1045 2977 1122 3028 etiarn
1138 2978 1179 3029 al-

157 3085 213 3133 tara
233 3078 327 3131 lectior
353 3079 429 3126 liaeo
447 3093 486 3125 ms
505 3075 632 3135 deducit,·
659 3076 706 3128 sed
725 3074 789 3128 ltaec
808 3093 841 3128 ex
865 3077 1045 3129 emendatione
1063 3080 1121 3127 orta
1138 3076 1179 3127 ri-

158 3178 249 3244 detur,
273 3185 300 3230 et
319 3177 442 3246 praeferri
466 3176 546 3230 debet
563 3176 633 3243 quod
653 3178 776 3244 vidimus,
806 3196 863 3233 cunr
884 3181 947 3233 sutis
967 3177 1117 3248 expeditum
1135 3179 1178 3233 siri

158 3278 199 3331 Ac
217 3277 320 3329 suavior
334 3276 489 3346 descriptio:
516 3284 600 3330 mater
618 3278 729 3345 puellam
748 3279 851 3331 obuiam
873 3280 945 3331 ducit
962 3280 1072 3338 amanti,
1089 3294 1179 3331 susan·

157 3384 212 3432 tcm
231 3378 378 3432 intromittit
395 3379 427 3431 ad
444 3379 566 3447 pueliam.
603 3379 724 3430 Ceterum
743 3378 776 3429 ad
795 3378 872 3431 llaec:
896 3379 980 3431 clsrn
998 3378 1178 3432 taciturna

157 3478 191 3533 cl.
209 3480 231 3546 l,
250 3483 277 3545 5,
296 3482 356 3541 θα,
383 3484 411 3530 et
435 3479 594 3531 tenebris
613 3486 729 3530 notatum
749 3485 790 3530 est
808 3479 933 3543 1‚2‚2⁵.
970 3479 1087 3546 Denique
1105 3481 1178 3534 rides

156 3594 204 3648 per
221 3586 305 3632 totum
325 3579 410 3631 locum
429 3578 552 3630 illustrari
577 3578 678 3630 landem
697 3580 803 3643 matris,
831 3594 898 3646 qnae
917 3595 967 3632 non
986 3583 1042 3635 sine
1061 3584 1178 3651 periculo

156 3676 224 3730 hano
242 3694 349 3746 operans
367 3684 537 3745 praestat—
556 3680 588 3732 V.
605 3683 635 3731 61
653 3695 710 3745 sqq.
729 3679 823 3731 Haec
842 3678 1049 3749 ictibusque
1068 3688 1178 3734 manet

156 3781 263 3829 noctu
287 3791 336 3827 me
360 3775 479 3829 aiiixa.
513 3775 606 3840 llaec,
631 3777 682 3839 ait,
708 3777 786 3828 etiarn
806 3778 979 3844 praestolatur
996 3795 1038 3831 me
1055 3778 1088 3829 ad
1108 3778 1177 3829 iores

155 3877 267 3933 arrectis
292 3875 414 3940 auribus,
441 3891 474 3928 no
497 3876 541 3928 din
565 3878 614 3929 sub
638 3876 698 3928 divo
723 3882 805 3940 snm,
835 3874 881 3928 sed
908 3879 995 3929 statim
1013 3878 1177 3930 intromittar.

154 3978 268 4033 siilxa
292 3975 444 4044 loribus,
469 3977 527 4030 sine
543 3977 733 4031 intromissione
750 3991 865 4030 manens.
891 3976 950 4028 Ltv.
968 3976 1015 4040 lli,
1033 3979 1083 4026 θῦε
1111 3974 1177 4025 isoc-

153 4088 211 4133 rere
224 4078 311 4151 affixi
324 4076 501 4135 concionibus,
516 4078 636 4132 laudante
650 4080 765 4133 Vunaro.
776 4105 813 4121 -
831 4078 895 4131 liox
910 4094 957 4148 pro
971 4076 1177 4130 constructione:

153 4185 267 4232 tecam
297 4180 538 4232 contribuisse
571 4180 777 4249 exspectaveris:
815 4175 867 4230 tibi
892 4175 1077 4232 corrtribuisse.
1122 4175 1177 4229 scd
