3009 4725
503 385 615 448 LIBR.
635 386 660 449 l.
702 385 825 450 ELEG.
846 389 902 452 vl.
1145 401 1205 459 133

186 562 349 621 antecedenti
363 560 472 618 dieticbo
488 575 640 631 expressum
658 575 726 615 uunc
739 562 872 630 sigillatim
887 565 1033 634 explicetur
1046 581 1094 635 per
1109 576 1203 637 parter.

185 671 216 723 iu
246 683 297 736 quo
326 680 425 734 genere
451 669 555 716 constat
580 663 683 716 viuculo
711 679 762 717 uon
793 679 859 733 opus
886 681 944 718 esse
972 667 1006 718 ad
1034 668 1203 737 copulandam

185 770 281 822 arctius
299 767 443 819 orationem
459 763 668 817 antecedentium
686 771 714 819 et
731 767 902 833 sequentium.
940 768 1038 821 Veruru
1057 768 1120 835 boc,
1139 787 1204 824 cou-

184 868 224 921 fer
247 869 393 920 Excursom
420 872 536 918 nostrum
561 865 594 918 de
621 866 755 933 Aryudeto
782 868 904 920 Prnonn.
931 868 963 921 P.
984 868 1006 933 l,
1031 888 1056 938 p.
1075 873 1129 922 273
1147 887 1203 938 sqq.

183 967 283 1019 'famen
310 964 430 1032 displicet
456 964 606 1030 Asyodeton
634 966 686 1017 tale
704 965 773 1032 apud
792 965 941 1032 Tibullum,
974 983 1057 1036 neque
1075 984 1142 1039 opus
1164 977 1205 1022 est

183 1065 232 1117 linc
251 1064 425 1132 explicatione
443 1063 511 1128 loci,
536 1078 595 1116 curn
613 1062 691 1115 etiam
711 1062 775 1113 alius
801 1064 826 1114 iu
845 1067 956 1118 transitu
974 1083 989 1119 a
1008 1069 1123 1135 generali
1141 1085 1203 1121 seu·

184 1167 266 1218 tentia
284 1165 318 1216 ad
335 1169 423 1232 partes
439 1163 533 1231 copula
557 1168 646 1215 utatur
669 1162 790 1215 Tibullus
815 1164 949 1233 ipsamque
972 1168 1123 1235 particulam
1147 1185 1199 1219 nen

184 1266 316 1334 posuerit,
342 1264 375 1317 cf.
394 1262 416 1329 l,
433 1267 459 1329 4,
477 1239 523 1316 Ι41.
541 1292 578 1302 -
603 1264 759 1317 celebret
779 1265 884 1319 multo
902 1282 1068 1321 sermone.
1104 1270 1142 1323 Ut
1159 1270 1201 1322 ri-

182 1367 277 1420 derout
300 1365 514 1418 Broucnnuarus
538 1370 566 1417 et
590 1364 738 1431 Hormus,
765 1381 857 1418 seusus
883 1383 941 1420 esse
968 1367 1046 1420 debet
1072 1366 1128 1421 bic:
1159 1369 1201 1422 Ne

183 1480 263 1533 saepe
278 1465 438 1530 multumque
455 1462 643 1528 confabuletur,
661 1478 795 1516 sermones
812 1471 882 1517 serat
900 1482 958 1518 curn
977 1453 1118 1520 iuuenibus.
1153 1466 1203 1520 Est

187 1562 318 1613 celebrare
335 1565 457 1632 proprior
483 1563 647 1631 frequentare
673 1565 773 1628 locum,
804 1570 834 1617 nt
852 1572 962 1622 constat.
998 1569 1080 1622 Οιιιι.
1099 1568 1165 1622 Men
1182 1567 1204 1635 1,

186 1666 253 1716 1132
271 1663 345 1715 atrio
363 1662 490 1715 nobilium
509 1662 598 1717 vulvis
615 1662 786 1716 celebrantur
801 1665 910 1734 apertis,
929 1669 1038 1720 muitum
1056 1673 1084 1720 et
1101 1685 1117 1721 a
1135 1671 1203 1722 mui—

183 1764 219 1816 iis
237 1764 376 1830 intrantur,
396 1764 443 1831 lv,
460 1768 529 1819 444:
552 1784 672 1840 puraque
683 1766 781 1838 sorum
805 1764 955 1824 celebrum,
978 1785 1047 1836 pnrr
1065 1767 1113 1818 imi
1129 1777 1203 1820 fecta

184 1861 315 1928 tyranni,
339 1862 448 1917 Heroid.
471 1863 530 1930 XV,
548 1870 599 1918 bl:
627 1872 728 1916 montes
747 1860 873 1915 celebras.
901 1865 1026 1918 Solanon.
1046 1865 1131 1933 Gaiig.
1153 1869 1201 1918 45:

183 1959 232 2033 qui
255 1978 377 2013 amoenos
402 1981 520 2015 aecensus
542 1961 715 2015 celebrarent·
750 1962 827 2015 Adde
850 1962 915 2015 infra
939 1963 986 2029 lli,
1007 1967 1033 2028 5,
1051 1967 1095 2016 29.
1131 1964 1200 2015 Hinc

182 2077 261 2131 supra
279 2062 301 2126 l,
319 2066 345 2127 4,
363 2066 415 2116 ¹15³
444 2061 575 2115 celebrare
600 2063 762 2135 magistrum
787 2062 893 2117 dictum.
929 2065 1014 2117 Porro
1032 2064 1114 2115 Ovio.
1134 2062 1199 2115 Met.

181 2160 217 2227 ll,
234 2165 297 2213 252.
314 2162 394 2229 cygni
411 2162 531 2216 dicuntur
545 2160 676 2214 celebrare
695 2161 806 2230 Caystri
822 2159 897 2231 ripun
915 2161 1040 2219 carmine,
1058 2159 1128 2227 quod
1145 2165 1199 2214 ssi:

183 2261 332 2328 frequenter
355 2263 427 2316 adire
450 2265 586 2330 continue,
614 2280 635 2317 a.
661 2262 811 2331 frequentes
836 2270 927 2316 cnutus
947 2263 983 2315 ibi
1003 2277 1142 2329 exercere,
1170 2267 1200 2314 ut

181 2369 253 2416 recte
271 2364 402 2416 Hnrnrus
421 2365 542 2433 explicat.
578 2364 633 2415 lam
652 2358 701 2415 boc
719 2362 778 2415 loco
796 2361 904 2417 adiectis
923 2362 1025 2415 ver-binc
1044 2359 1128 2412 mullo
1142 2377 1200 2412 aer-

79 2530 82 2536 ,
181 2478 256 2512 mnne
274 2477 365 2514 sensus
382 2463 445 2515 erit:
465 2463 587 2529 frequens
610 2463 793 2516 commercium
811 2464 937 2516 eeruronis
955 2461 1060 2528 babere,
1080 2461 1201 2528 frequen-

186 2567 227 2614 ter
245 2563 420 2625 confabulari,
449 2565 491 2615 cui
509 2564 676 2631 explicationi
695 2581 745 2617 uon
771 2571 813 2617 eet
833 2566 902 2632 quod
921 2565 976 2617 iure
994 2564 1091 2634 opponi
1109 2564 1215 2637 porsit„

183 2662 256 2716 Malu
279 2662 402 2714 Vunurus
426 2662 540 2729 explicui
558 2661 662 2715 verboru
684 2681 709 2731 p.
728 2662 850 2725 laudare,
877 2677 925 2713 uec
949 2662 1036 2713 verius
1054 2663 1199 2716 Wunnuu-

181 2776 293 2813 urcurus
312 2779 339 2828 p.
357 2758 499 2826 honorare,
526 2759 652 2828 insignem
671 2760 795 2825 reddere,
813 2757 883 2826 qnod
901 2759 1021 2811 alienum.
1041 2786 1077 2797 -
1105 2760 1199 2814 Neve

180 2861 286 2913 cubet
309 2861 388 2915 laxo
413 2869 537 2930 pectus
560 2871 685 2931 aperta
704 2864 790 2915 ainu-
825 2862 898 2914 Beue
916 2865 1004 2911 monet
1022 2859 1133 2910 Vossius
1152 2876 1199 2927 per

182 2964 264 3011 tutona
282 2961 368 3013 locum
387 2963 499 3015 maxime
518 2962 552 3014 de
570 2962 696 3015 conviviis
716 2960 901 3028 cogitandou,
919 2957 952 3011 ad
971 2972 1038 3025 quae
1057 2954 1106 3008 bae
1123 2959 1198 3024 poel-

181 3055 221 3108 lae
239 3073 297 3110 conr
315 3061 413 3113 maritis
430 3060 603 3113 invitabantur
620 3059 652 3113 ab
670 3059 868 3114 admiratoribus
887 3064 915 3112 et
932 3057 1036 3121 amicis,
1060 3055 1094 3109 cf.
1114 3055 1196 3108 Orno.

179 3157 283 3210 Amorr.
304 3159 324 3223 l,
342 3162 367 3212 4.
394 3159 464 3211 nude
487 3159 563 3212 simul
590 3159 698 3211 furtivas
723 3165 794 3211 artes
817 3165 845 3211 et
870 3157 998 3225 nequitias
1023 3153 1107 3207 disces
1131 3153 1199 3205 inter

181 3253 324 3307 convivium
351 3257 488 3310 exercitas.
532 3256 607 3311 node
631 3257 666 3310 de
690 3258 782 3311 eadem
807 3274 836 3310 re
861 3260 918 3310 Art
943 3258 1000 3308 Aur.
1018 3254 1039 3315 I,
1056 3255 1196 3305 bob-bii.

179 3350 518 3421 Heroio.xv11,rn-9n.
564 3355 702 3409 Cobnbnnt
719 3362 807 3408 autem
826 3357 929 3425 puellae
947 3357 973 3406 iu
992 3359 1050 3405 toro
1068 3351 1152 3405 mariti
1170 3358 1198 3403 et

177 3449 239 3504 lruic
256 3452 404 3520 subiectae,
424 3454 458 3508 cf.
477 3457 561 3509 Orno.
579 3460 677 3509 Amorr.
699 3459 716 3509 l.
735 3457 780 3510 cit
801 3471 827 3508 v.
845 3460 873 3508 5.
891 3459 918 3507 et
936 3455 992 3507 Art.
1014 3455 1071 3511 Am.
1092 3452 1114 3518 l,
1133 3456 1195 3505 bib.

175 3554 296 3623 Denique
314 3556 348 3609 ad
371 3565 458 3611 cetera
481 3558 570 3611 confer
593 3561 676 3612 0r1n.
694 3559 780 3627 Epist.
799 3557 873 3620 XVI,
891 3559 963 3608 2412
992 3554 1107 3607 Prodita
1130 3562 1195 3606 runt

177 3650 312 3722 (nemim)
328 3655 422 3708 tunica
436 3664 488 3707 toa
499 3666 609 3725 pectora
622 3654 697 3708 laxo.
707 3683 740 3695 -·
760 3656 792 3708 V.
810 3659 842 3707 19
852 3672 890 3721 sq.
910 3655 982 3708 Neu
997 3662 1031 3708 te
1043 3654 1197 3723 decipiat

177 3757 278 3817 nutu,
294 3769 328 3806 ue
347 3756 436 3809 innuat
454 3758 549 3810 amanti
567 3773 654 3811 corum
673 3763 700 3809 te
718 3772 770 3809 nou
790 3756 993 3810 observante-
1013 3757 1196 3823 digitoque

177 3850 353 3916 liquorem
372 3869 411 3907 ne
429 3855 546 3909 trabat
563 3863 615 3909 cto.
651 3854 749 3906 Confer
767 3856 850 3906 Ovrn.
870 3856 970 3907 Amorr.
988 3854 1010 3918 l,
1030 3856 1056 3916 t,
1073 3857 1118 3903 20.
1136 3864 1195 3901 cum

177 3951 301 4005 Vuunlo:
319 3952 400 4005 serbo
418 3955 489 4027 leges
506 3955 609 4028 digitis,
627 3951 706 4007 norbo
722 3963 821 4005 notato
837 3971 916 4004 mero.
943 3951 1010 4004 Add.
1028 3949 1089 4002 ibid.
1106 3950 1195 4012 ⁶,172
1243 3940 1248 3951 '

176 4052 328 4123 conscripta
355 4056 417 4110 vino
439 4076 548 4115 mensa,
571 4066 599 4113 et
618 4058 673 4112 nrt
693 4058 750 4111 Λιιι.
772 4056 793 4120 Ι,
806 4059 880 4110 biis
909 4049 1109 4121 blanditiasque
1125 4047 1197 4100 lever

174 4156 252 4209 tenni
265 4156 428 4226 perscribere
450 4158 520 4215 vino.
543 4159 649 4213 Heroid.
668 4157 753 4224 xvll,
771 4162 822 4211 di:
842 4154 902 4209 orbs
921 4171 1027 4229 quoquc
1043 4152 1072 4206 r'n
1091 4166 1196 4204 mensae
