3009 4725
441 268 552 330 mum
574 268 629 334 Ν.
674 267 803 336 caum.
822 273 849 336 1.
921 289 925 304 ·
1104 254 1166 340 em'

141 440 264 511 flammis
285 449 314 491 ot
337 449 470 495 cremato,
497 438 615 491 cominu-r
638 455 738 508 vapore
756 447 906 494 torrentur.
921 470 958 481 -
986 444 1020 498 V.
1038 449 1091 499 165
1109 463 1167 514 sqq.

148 543 295 595 iuter-
313 542 491 606 interque,
520 541 629 608 repetite
649 542 858 608 praepositione,
884 542 929 595 ubi
948 545 1028 596 remei
1050 544 1167 598 sufficia-

148 642 208 706 bat,
233 648 297 693 uoto
319 656 376 693 uru-
412 639 479 693 Vide
497 641 578 692 muita
602 639 680 694 aliato
704 657 746 708 ap·
772 641 892 694 Scauro.
912 641 945 693 od
963 642 1056 695 Horat
1080 642 1166 712 Epist.

149 742 218 806 Η,
245 746 288 795 lt.
314 747 342 795 et
370 741 530 794 Haruoour.
555 741 589 794 ed
615 743 672 795 Sat.
697 741 718 806 1,
743 746 771 808 ¹1,
796 745 840 793 12.
889 743 1005 796 Similem
1037 744 1166 811 quantun

151 841 253 893 articuli
278 841 459 907 repetitionem
486 839 565 893 hebet
587 839 924 907 P1uu.Nem.Vill,fiu.
945 871 981 884 -
1009 845 1167 911 rigenter

148 944 235 995 verior
252 943 330 993 ieetio
347 939 464 1005 videtur,
484 955 535 991 uon
553 938 698 1009 rigentem,
724 939 803 992 modo
821 947 969 1007 teneamur,
987 942 1014 994 iu
1031 944 1165 1011 sequeuti-

151 1041 215 1092 bua:
233 1040 426 1107 Nostraque
444 1047 529 1094 et-
547 1056 625 1109 para
642 1042 771 1106 altere,
790 1044 1167 1113 partiouiaaqueetnoadia·

153 1141 279 1194 iunctim
300 1156 365 1206 ease,
383 1140 429 1194 aed
447 1140 502 1195 iere
520 1159 558 1211 pr.
576 1158 627 1195 una
646 1142 756 1211 positas,
773 1147 802 1193 ut
818 1145 848 1192 τέ
866 1167 902 1182 -·
920 1146 965 1194 uui
984 1146 1088 1199 Graece
1105 1163 1168 1216 pao·

150 1242 199 1293 aim
224 1252 368 1309 ponuntur,
395 1239 654 1297 certauerunt
676 1239 760 1307 Soph.
784 1240 881 1295 Electa
899 1247 962 1296 ete.
993 1243 1116 1297 Loeaox.
1134 1244 1167 1297 ad

149 1338 290 1404 Phrynictr.
316 1358 342 1405 p.
360 1344 422 1391 410.
459 1339 526 1391 Nam
549 1340 640 1390 ambae
663 1346 724 1390 aaut
748 1341 817 1392 iuter
842 1344 966 1403 torridam
993 1350 1021 1398 et
1044 1345 1170 1412 ripentea,

150 1451 320 1501 unaquaeque
338 1442 424 1488 autem
443 1437 510 1489 iuter
528 1435 653 1488 torridam
670 1441 698 1486 et
714 1435 842 1501 rigentem
860 1441 1012 1493 alterutram
1029 1449 1077 1495 ert
1114 1443 1169 1498 Ce-

151 1542 234 1587 terum
253 1534 316 1585 leuia·
333 1543 426 1585 nostro
448 1533 505 1584 eolo
529 1533 668 1585 adversam
688 1534 761 1588 videa
779 1538 917 1589 austratem
936 1553 1030 1591 zonam
1048 1555 1114 1593 erae.
1132 1569 1168 1584 -

151 1633 279 1687 similia
296 1632 426 1686 uicinia
441 1633 533 1685 eaeii
552 1631 753 1700 Temperat,
772 1632 796 1687 h.
817 1649 840 1685 e.
858 1635 947 1687 similia
965 1637 1032 1689 caeli
1048 1640 1168 1707 uirisque

152 1732 220 1784 ratio
238 1731 272 1782 ab
289 1738 398 1797 atraque
418 1736 492 1798 parte
509 1731 592 1783 vicine
612 1737 748 1797 temperat
791 1732 878 1785 Habet
895 1736 964 1787 euim
982 1740 1091 1803 utroquo
1112 1744 1169 1792 tur⁴

152 1828 234 1881 ridam
253 1834 281 1880 et
297 1829 416 1894 frigidam
435 1846 450 1880 a
468 1831 564 1894 latere,
594 1835 621 1881 et
643 1831 758 1899 spirante
777 1829 836 1883 hine
853 1832 954 1898 calido,
981 1835 1052 1886 illine
1070 1834 1167 1904 frigido

151 1932 213 1981 aira
231 1929 343 1982 efficitur
361 1929 499 1996 temperies
517 1930 624 1996 optima,
641 1931 711 1996 quia,
729 1935 759 1982 ut
774 1936 851 1997 poeta
866 1930 945 1997 addit,
965 1930 1037 1984 ulter
1054 1933 1169 1988 ulterior

150 2029 222 2082 vim
246 2038 324 2081 aecor
349 2035 405 2084 atr.
442 2031 482 2083 td
507 2047 532 2085 v·
559 2036 732 2099 temperat
755 2030 845 2085 causer
868 2048 927 2085 eum
952 2032 1067 2087 Harum
1092 2033 1169 2089 Ouid.

150 2128 218 2183 Met
244 2129 265 2194 1,
288 2134 340 2183 ⁶12
379 2128 588 2200 Temperiemque
613 2128 687 2179 dedit
711 2128 801 2181 mixto
834 2147 893 2181 cum
913 2128 1022 2201 frigore
1044 2133 1171 2201 flemma.

151 2228 236 2282 Porro
253 2237 377 2282 teaeaa
395 2238 436 2284 ert
454 2234 628 2300 amplectere,
645 2232 772 2285 ambiens.
809 2230 929 2298 Denique
946 2236 1064 2296 necat,
1088 2233 1167 2285 vetuti

152 2327 280 2379 Mteuoa.
298 2327 353 2376 Sat.
372 2326 407 2388 11,
424 2332 441 2377 ‘t
449 2344 456 2377 r
484 2328 565 2378 edera
581 2346 690 2395 serpena
708 2329 778 2382 viror
796 2327 921 2383 arboreos
946 2339 1041 2387 amat,
1064 2331 1169 2388 Salute.

153 2421 262 2489 Hippoi.
276 2423 346 2472 4542
365 2419 438 2487 Quid
454 2429 482 2468 te
499 2425 602 2471 cot'rcou
619 2431 647 2470 et
660 2440 740 2472 necor
757 2433 859 2475 rectum
874 2426 1008 2479 indolem?
1037 2429 1169 2483 Observa·

155 2522 195 2573 bia
213 2520 307 2583 etiam,
325 2515 485 2580 analogica
502 2517 568 2568 ratio
586 2518 759 2570 membrorum
777 2517 909 2573 innectite
927 2528 1070 2593 temperet,
1086 2533 1170 2583 attero

85 2613 89 2619 ’
131 2612 134 2619 ’
154 2619 216 2671 aere
233 2614 341 2668 alteriue
358 2614 426 2667 vitea
443 2619 560 2676 recente,
578 2628 626 2680 pro
645 2614 782 2681 participio
800 2628 873 2667 more
892 2624 1028 2685 poetarum
1042 2622 1170 2689 frequenti

154 2716 255 2770 finitum
272 2714 379 2775 verbum
396 2713 523 2782 positum,
548 2713 617 2780 quod
635 2728 717 2779 parua
735 2714 840 2767 dicendi
858 2718 1003 2771 monuimus
1022 2719 1073 2772 iam
1090 2738 1170 2790 rupte

154 2817 288 2870 remoaiua
309 2831 369 2869 eaeo
388 2821 417 2867 et
434 2815 492 2881 pius
511 2816 607 2881 vigoris
625 2814 729 2867 habere.
766 2813 853 2867 Etiam
871 2815 939 2869 haue
956 2817 1040 2870 lorum
1059 2821 1173 2887 eorrupit

155 2916 269 2968 Voaarur
294 2931 333 2982 pr·
358 2922 386 2964 et
405 2921 485 2965 necat
501 2914 544 2980 qui
563 2922 596 2964 ut
620 2921 694 2964 necet
718 2914 848 2982 receperit
870 2928 1015 2983 perperam.
1057 2916 1171 2968 Secutae

155 3020 242 3069 tamea
267 3022 308 3069 eat
331 3016 463 3069 Brumae.
481 3042 518 3056 -
546 3015 578 3069 V.
600 3020 651 3069 169
668 3031 725 3083 rqq.
755 3027 816 3085 per
840 3020 1007 3082 tempora.
1044 3016 1172 3079 Vertitur,

154 3116 207 3181 ait,
232 3119 260 3168 et
278 3116 389 3169 volvitur
405 3130 488 3167 annua
506 3114 639 3183 placidus,
664 3129 714 3167 neo
730 3113 806 3167 nimio
824 3113 922 3166 aalidua
940 3127 989 3166 nee
1003 3113 1079 3167 nimia
1097 3113 1173 3180 frigi-

153 3212 211 3276 dur,
228 3228 277 3281 per
294 3219 412 3282 tempora
430 3218 553 3280 quattuor
569 3212 680 3278 diversa,
698 3227 758 3264 eum
775 3210 825 3263 rub
844 3227 911 3264 aona
929 3211 1028 3264 torrida
1044 3219 1171 3282 perpetua

152 3319 240 3369 eoum
261 3313 311 3379 ait,
335 3312 504 3381 mutrigtda
528 3320 614 3366 autem
634 3317 760 3380 perpetua
784 3309 875 3364 hieme.
893 3339 927 3352 —
956 3315 1052 3366 lenta
1078 3315 1171 3379 vitio,

153 3415 257 3471 flexilia.
301 3415 465 3468 exeeiaoa
498 3412 734 3467 coascendere
767 3428 880 3466 rumor
920 3414 1062 3482 didicit,
1095 3418 1172 3469 uimit

153 3516 251 3582 quippe
277 3519 395 3573 maritate
424 3521 502 3581 atque
531 3516 608 3567 etiam
636 3513 755 3581 populis,
781 3518 811 3565 ut
837 3514 950 3566 maxime
977 3516 1005 3568 ia
1029 3514 1173 3582 Campania

154 3609 269 3676 iactum,
291 3613 375 3667 Peru.
393 3614 465 3680 XIV,
485 3620 509 3667 1.
527 3642 563 3654 -
589 3627 706 3679 reget,
729 3629 798 3667 nure
815 3620 885 3666 terra
901 3614 1036 3665 frumentis
1053 3614 1095 3665 vai
1112 3613 1173 3664 viti·

156 3707 205 3760 bur
223 3710 331 3761 comite,
367 3709 485 3779 Nempe,
501 3718 532 3764 at
549 3712 648 3763 Lexioa
665 3711 769 3764 abunde
787 3709 900 3773 doceat,
917 3725 992 3777 aegea
1011 3715 1052 3762 eat
1069 3708 1173 3760 omnino

155 3812 230 3859 terra
248 3822 316 3873 qaae
334 3809 444 3875 oolitur,
471 3812 526 3864 rire
551 3810 679 3868 destinata
697 3813 791 3869 rationi
817 3814 873 3863 aive
896 3811 1014 3876 comita,
1041 3816 1069 3863 et
1091 3809 1176 3862 latiori

154 3923 233 3963 ream
260 3910 338 3963 etiam
367 3925 463 3977 parom
491 3914 673 3979 complectitur
697 3932 783 3990 aqua
807 3914 885 3979 ipen,
917 3911 964 3964 ubi
990 3917 1085 3979 sponte
1109 3916 1181 3963 ratae

155 4014 276 4062 oreooaat
299 4006 412 4075 herbae,
437 4016 467 4063 ut
492 4010 575 4068 Viuo.
593 4014 694 4100 (ἱροῖς.
713 4023 761 4093 lv,
781 4016 854 4070 128:
886 4027 937 4062 nee
951 4010 1064 4089 fertilia
1079 4006 1127 4061 iilo
1142 4008 1186 4058 iu-
1231 4024 1237 4030 .

829 4110 908 4182 27*
