3009 4725
326 379 387 440 340
547 368 831 442 COMMENTAR.
853 372 901 441 IN
920 378 1098 448 TlBULLI

590 898 930 986 Boeoto
1005 904 1064 975 lv.

721 1153 926 1172 —Q-—n

674 1358 987 1434 INTRODUCTIO.

319 1588 441 1682 Nesere
467 1628 519 1669 ooo
541 1612 644 1670 redibat
668 1616 695 1671 lu
720 1618 832 1685 grstism
854 1635 916 1674 eum
941 1617 1093 1687 Lygdsmu,
1125 1617 1172 1672 sed
1205 1615 1247 1672 hie
1271 1634 1338 1676 noue

322 1720 390 1773 tristi
415 1717 514 1770 somnio
533 1716 655 1769 edoctum
677 1709 720 1788 Q
734 1720 852 1785 queritur
874 1719 909 1772 eb
928 1720 1063 1788 Apolline,
1093 1720 1137 1773 elii
1156 1720 1213 1772 viro
1239 1722 1339 1775 nubere

320 1822 387 1874 selle
405 1820 528 1889 puellum.
562 1816 734 1885 Exponemus
756 1820 860 1887 singule
886 1819 1017 1874 disertius.
1052 1820 1204 1874 Commotus
1220 1824 1335 1888 graviter

321 1921 407 1974 auimo
425 1925 503 1987 poete
521 1918 548 1969 iu
572 1917 720 1971 exordio
746 1918 821 1972 irrite
838 1924 898 1972 oret
916 1919 980 1972 deos
997 1925 1028 1973 ot
1042 1921 1095 1972 siut
1112 1920 1235 1973 insomnis
1252 1921 1332 1975 modo

320 2025 390 2087 vus,
414 2021 494 2074 immo
511 2034 590 2072 tuuus
606 2018 670 2072 dicit
691 2020 827 2087 imagines.
862 2019 929 2074 Esse
945 2021 1017 2074 euim
1034 2024 1134 2074 somnio
1150 2022 1254 2075 omuino
1273 2022 1336 2076 lslse

321 2128 349 2176 et
366 2120 500 2175 meudscls
517 2124 545 2170 et
562 2132 650 2169 errore
668 2114 802 2183 homiues,
820 2117 865 2185 qui
885 2133 917 2171 es
936 2120 1014 2185 vulgo
1032 2121 1145 2188 plseeut.
1181 2119 1289 2186 Temen,
1305 2126 1336 2173 ut

320 2220 501 2283 atterritus,
527 2215 596 2269 redit
615 2214 649 2267 ud
672 2222 734 2268 voto
757 2216 824 2268 isitii
852 2222 1026 2284 precaturque
1049 2218 1173 2271 Heesteu
1191 2224 1220 2270 ot
1237 2225 1336 2273 evertet

320 2325 425 2380 melum.
460 2323 527 2375 Post
544 2317 594 2371 lroc
609 2314 747 2370 exordium
766 2318 793 2369 in
807 2315 920 2370 medlo
938 2318 1090 2373 carmine
1105 2321 1232 2375 somniem
1249 2320 1334 2389 ipsum

319 2426 396 2492 quale
413 2421 490 2474 suerit
507 2422 604 2472 ustmt.
649 2418 811 2486 Apparuisse
828 2417 967 2472 dormienti
983 2419 1104 2474 iuvenem
1121 2421 1255 2488 diuinum,
1281 2437 1334 2489 quo

319 2523 382 2577 uilsil
408 2520 490 2572 risum
518 2518 552 2570 sit
576 2515 716 2570 formosius
741 2532 871 2585 uuquam,
899 2518 1036 2581 florentem
1058 2523 1159 2586 uetusto,
1186 2519 1334 2575 redimitum

319 2625 408 2687 leuto,
435 2619 555 2673 indutum
578 2619 647 2671 stols
670 2616 768 2685 Pythis
793 2624 821 2671 et
846 2620 929 2686 lyram
953 2624 1093 2674 tenentem.
1128 2619 1180 2673 Hie
1198 2627 1334 2689 postquem

319 2720 444 2789 praelusit
467 2724 546 2772 esstu
569 2718 678 2784 lquue
702 2716 790 2770 verbis
814 2716 948 2782 dicendis,
976 2723 1065 2771 narret
1086 2719 1132 2772 ulii
1149 2719 1247 2774 nubere
1265 2721 1332 2776 velle

318 2820 449 2875 Neeeeem
465 2820 632 2872 esrtsetmsm.
667 2816 762 2884 Neque
779 2820 865 2873 musso
882 2818 1004 2888 desperet
1018 2820 1152 2887 herniosi
1169 2838 1247 2891 posse
1262 2825 1334 2879 lleeti

318 2921 431 2975 mimum
450 2916 572 2985 precibus
589 2920 617 2967 et
633 2916 741 2971 servitio
760 2915 849 2980 fideli,
866 2917 892 2969 iu
908 2933 962 2983 quo
979 2932 1028 2971 suo
1045 2920 1127 2988 ipsius
1145 2920 1268 2991 exemplo
1286 2939 1336 2992 pro

319 3021 475 3075 documento
492 3019 588 3082 utitur,
614 3017 660 3082 qui
676 3015 784 3069 dumeti
802 3018 934 3084 quuudesrs
950 3026 1043 3088 euplus
1061 3034 1150 3076 surore
1165 3023 1202 3105 od
1218 3024 1334 3080 intimum

223 3114 225 3118 ’
318 3123 388 3174 ritae
406 3135 490 3185 genus
508 3115 679 3170 descenderit.
716 3115 837 3184 Deulque
854 3116 959 3186 puellos
977 3119 1091 3173 mileti
1109 3120 1195 3188 iubet,
1214 3127 1333 3191 promitti

317 3219 368 3273 huc
396 3220 544 3286 coniugium
571 3218 596 3268 ei
622 3215 656 3289 ιιι
681 3216 801 3283 Apolline
825 3218 899 3284 ipso,
928 3217 1037 3271 obsistet
1063 3220 1116 3273 ulie
1141 3236 1246 3290 cupere.
1292 3223 1333 3275 Its

319 3322 401 3373 deuss
429 3321 513 3372 Poeta
531 3324 620 3370 sutem
638 3316 760 3371 dolenter
777 3318 888 3371 allectus
904 3315 954 3370 lsou
972 3320 1088 3384 somnio,
1106 3334 1158 3372 nou
1177 3320 1285 3397 credere
1302 3335 1332 3373 se

319 3434 396 3487 posse
419 3417 506 3469 multis
532 3418 618 3471 verilis
643 3422 671 3469 et
697 3416 854 3483 imegiullsut
871 3415 983 3468 sllirmot
1001 3422 1054 3471 tem
1072 3417 1164 3472 durum
1181 3434 1240 3473 esse
1258 3418 1331 3486 psel-

319 3518 384 3579 lam‚
409 3515 555 3580 iterumque
571 3516 695 3583 imploret
713 3517 777 3571 deus
796 3521 825 3569 ut
842 3518 868 3570 lo
889 3518 981 3570 melius
999 3534 1054 3571 rem
1071 3525 1181 3573 vertant.
1223 3518 1334 3579 (inlesi

317 3615 443 3669 exitus.
481 3613 555 3666 Hoee
579 3611 711 3672 haetenus.
747 3617 876 3671 ludicesit
893 3620 943 3671 ism
968 3618 1100 3672 Hermus
1124 3618 1209 3671 multe
1232 3616 1334 3671 esseio

317 3715 366 3770 hou
390 3714 518 3777 carmine,
546 3727 615 3779 quse
638 3719 764 3770 severiori
790 3718 890 3770 iudicio
917 3698 1054 3786 displicere
1079 3719 1194 3785 possint,
1222 3728 1332 3783 pronos

317 3815 443 3883 quaedem
462 3812 553 3877 affetu
584 3813 706 3867 dixerunt
723 3815 749 3865 in
769 3814 877 3866 eundem
894 3816 1050 3868 sententium
1067 3815 1182 3873 Vosssos
1200 3821 1228 3867 et
1244 3812 1336 3869 Eron-

316 3927 432 3966 sssows
451 3916 479 3963 et
494 3912 570 3980 plurs
588 3913 667 3964 etism
686 3911 749 3963 sitis
769 3911 931 3964 tssetstionis
949 3912 1104 3967 iudicarunt.
1145 3913 1219 3979 Nos,
1244 3918 1276 3965 ut
1291 3919 1336 3965 est

315 4011 382 4063 ratio
400 4010 510 4063 instituti
527 4011 623 4076 uestri,
650 4009 684 4064 de
708 4009 819 4078 singolis
843 4011 908 4063 loeis
926 4008 995 4063 irrisu
1012 4011 1039 4065 io
1058 4010 1242 4082 Expliustisue
1260 4012 1335 4066 diue-

315 4126 401 4176 mus„
416 4109 457 4165 lic
482 4116 570 4166 autem
596 4110 813 4182 compositionem
839 4107 960 4165 carminis
977 4113 1081 4169 omuino
1100 4110 1332 4177 oussidetubimos,
