3009 4725
1226 414 1588 482 TIBULLI.
2307 449 2425 491 cxv

375 598 643 677 puellam
706 592 910 656 voluit
967 592 1088 652 hoc
1142 587 1451 670 carmine,
1519 587 1690 673 quod
1739 612 1864 654 non
1909 614 2240 675 possumus
2292 623 2419 662 non

376 713 659 788 credere,
738 708 897 772 duas
961 705 1227 768 debebat
1282 707 1452 767 hunc
1509 707 1578 767 in
1640 705 1894 770 modum
1953 711 2154 774 facere
2211 729 2416 795 partes

373 850 619 901 rerum,
702 825 982 908 primum
1046 820 1300 905 quidem
1362 843 1622 885 narrare
1684 825 1997 887 somnium
2055 838 2117 889 et
2179 830 2415 891 tristem

377 943 666 1004 nuntium
709 936 1058 1021 Apollinis,
1117 932 1345 997 deinde
1392 956 1546 998 vero
1601 934 1850 1000 dolores
1898 939 2261 1024 luctumque
2305 942 2415 1006 de·

381 1055 637 1135 pingere
676 1052 865 1113 animi
903 1051 1250 1130 ingentem,
1294 1068 1424 1131 quo
1457 1049 1583 1110 iam
1619 1070 1702 1111 ex
1737 1051 1858 1114 hoc
1893 1054 2117 1118 nuntio
2156 1056 2414 1135 laboret,

388 1165 608 1229 additis
662 1165 949 1247 precibus
1007 1161 1277 1226 blandis.
1378 1161 1568 1225 Nunc
1626 1176 1833 1226 autem
1889 1167 2171 1229 habitum
2232 1171 2414 1231 nobis

381 1282 712 1362 pulchrum
769 1274 871 1340 dei
926 1276 1072 1340 data
1130 1295 1325 1357 opera
1380 1272 1705 1355 describit,
1771 1279 1883 1361 qui
1933 1282 2110 1343 locus
2164 1284 2415 1363 longior

372 1396 473 1457 hic
525 1396 765 1457 alienus
815 1405 942 1471 est3
998 1395 1214 1455 ieiuna
1256 1393 1444 1454 etiam
1492 1404 1557 1456 et
1598 1393 1731 1455 sine
1778 1395 1839 1458 vi
1890 1407 2021 1460 tota
2069 1400 2412 1462 consolatio

372 1510 703 1592 Apollinis,
747 1506 947 1571 animi
972 1519 1181 1569 autem
1214 1507 1316 1569 sui
1344 1504 1841 1587 desperationem
1870 1509 2158 1591 graphice
2188 1510 2411 1574 adum·

368 1627 551 1683 lirare
599 1647 723 1683 mm
771 1623 968 1683 [novit.
1060 1623 1348 1703 Daqum‘·
1392 1618 1649 1684 *omnino
1680 1623 1804 1688 hoc
1838 1623 2145 1705 ineptum,
2191 1646 2409 1709 quem·

379 1735 707 1795 admmlum
755 1735 875 1795 ium
920 1735 1196 1815 Herulus
1243 1735 1457 1810 sumit,
1505 1731 1677 1817 quod
1713 1737 1792 1796 ab
1820 1736 2112 1819 Apolline
2150 1738 2411 1803 docetur

383 1851 687 1908 Neaeram
735 1851 835 1908 atii
883 1851 1108 1908 nubere
1152 1851 1336 1920 uelit-5,
1384 1858 1441 1908 et
1483 1858 1612 1908 tam
1649 1849 1787 1912 leve
1827 1849 2144 1930 negotium
2189 1850 2410 1914 tribuit

387 1966 487 2020 mh·
539 1960 675 2024 cleu.
759 1960 1080 2024 Summam
1124 1968 1268 2028 ham·
1316 1968 1431 2026 hnc
1465 1965 1640 2040 loco,
1684 1963 1805 2024 alia
1844 1964 1913 2025 in
1945 1963 2409 2027 Commentario

379 2076 727 2136 ιὐμῑιΙῑῐΓὴᾳῖΓ-ἐ
818 2076 1056 2136 dtr-ceth]
1112 2080 1184 2136 ml
1248 2080 1490 2160 reliqua
1549 2075 1857 2151 carmina,
1921 2096 2194 2158 quorum
2248 2097 2409 2139 non·

371 2191 543 2250 nulla
599 2189 823 2251 melius
882 2190 1255 2270 composita,
1319 2201 1394 2251 ut
1448 2203 1657 2252 tamen
1707 2189 1947 2280 ubique
2001 2189 2317 2254 diversum
2371 2212 2407 2250 a

370 2303 621 2366 Tibullo
671 2316 921 2386 poetam
973 2305 1224 2366 sentias.
1323 2304 1412 2365 Ac
1454 2305 1759 2368 secundum
1807 2324 2093 2382 carmen,
2150 2301 2228 2366 de
2276 2322 2407 2388 quo

367 2419 638 2499 primum
676 2417 909 2498 dicam,
954 2418 1173 2480 ultima
1206 2417 1498 2480 mandata
1531 2433 1754 2501 poetae
1786 2419 2078 2484 morituri
2109 2418 2405 2482 continet.
2490 2426 2498 2434 ⁴

374 2528 533 2591 Cum
574 2532 738 2593 ferre
783 2551 917 2593 non
975 2532 1174 2613 possit
1224 2545 1501 2613 ereptam
1547 2555 1585 2594 a
1626 2535 1809 2597 rivali
1850 2553 2180 2615 sponsam,
2234 2551 2405 2594 mor-

370 2655 493 2704 tem
541 2642 661 2706 sibi
716 2643 954 2706 inferre
1007 2641 1318 2723 decernit,
1378 2666 1541 2728 quos
1584 2663 1803 2709 sensus
1854 2650 2062 2711 brevis
2112 2646 2405 2709 introitus

369 2759 648 2840 exponit.
728 2761 895 2822 Tum
938 2773 1293 2843 sequuntur
1340 2758 1669 2839 mandata3
1722 2758 2014 2823 describit
2058 2773 2265 2824 autem
2306 2781 2404 2823 se-

364 2872 678 2954 pulcrales
726 2873 1032 2953 honores,
1098 2897 1259 2960 quos
1316 2876 1436 2939 sibi
1485 2879 1565 2939 ab
1615 2887 1819 2940 amata
1877 2875 2162 2935 exhiberi
2217 2875 2407 2954 cupit,

366 3000 436 3050 ut
482 3009 673 3072 quem
720 2991 936 3054 vivum
989 2990 1370 3069 deseruerit,
1430 2994 1488 3054 ei
1539 3003 1789 3054 mortuo
1845 2989 2066 3049 saltem
2113 2985 2280 3046 iusta
2324 3004 2404 3043 ne

366 3117 641 3185 recuset,
719 3102 1018 3189 additque
1077 3108 1145 3167 in
1206 3104 1332 3168 fine
1390 3108 1574 3170 etiam
1631 3101 2100 3185 inscriptionem
2161 3096 2404 3160 tumulo

364 3217 829 3300 imponendam.
913 3218 1015 3282 Sic
1066 3231 1277 3301 poeta.
1360 3219 1479 3281 Hic
1528 3239 1608 3279 ne
1658 3215 1735 3279 de
1790 3211 2050 3277 consilio
2095 3206 2405 3274 moriendi
2472 3262 2478 3273 .

369 3326 595 3410 dicam,
646 3329 823 3415 quod
863 3327 1341 3396 fundamentum
1385 3332 1676 3394 carminis
1718 3325 2165 3405 iniucundum,
2212 3346 2251 3388 a
2294 3324 2403 3386 Ti·

368 3444 528 3505 bulli
581 3459 709 3508 arte
763 3445 1030 3525 recedit,
1096 3459 1168 3509 ut
1228 3448 1354 3510 iam
1410 3467 1605 3528 supra
1664 3454 2112 3522 memoratum,
2183 3438 2405 3525 putida

365 3555 679 3638 diligentia
744 3560 959 3623 omnia
1021 3574 1341 3625 momenta
1411 3562 1770 3643 sepulturae
1833 3575 2255 3642 persequens,
2333 3577 2405 3618 ac

366 3690 504 3733 cum
543 3673 823 3737 clausula
861 3675 1153 3738 carminis
1185 3676 1324 3758 ipso
1358 3674 1483 3737 fine
1521 3670 1959 3737 mandatorum
1998 3668 2406 3741 contineatur,

368 3782 533 3865 quod
578 3799 749 3849 recte
799 3786 939 3852 fieri
986 3789 1195 3872 potuit
1237 3802 1299 3852 et
1343 3811 1459 3872 per
1502 3810 1570 3852 se
1622 3786 1875 3850 minime
1932 3807 1971 3847 a
2016 3782 2198 3845 nobis
2240 3780 2405 3844 vitu-

364 3910 646 3976 peratur,
700 3899 875 3962 Albii
916 3914 1126 3965 tamen
1171 3915 1374 3966 certus
1416 3922 1569 3966 usus
1610 3902 1802 3982 magis
1842 3897 2144 3961 directum
2187 3905 2404 3976 postu-

363 4010 527 4075 labat
567 4017 811 4079 exitum
853 4017 1041 4083 finitis
1082 4017 1409 4083 mandatis.
1490 4017 1715 4082 Exitus
1757 4012 2098 4078 indirectos
2132 4005 2402 4071 vidimus

365 4125 439 4183 ab
484 4142 703 4192 exacta
752 4143 1067 4196 structura
1111 4135 1505 4198 Tibullianae
1559 4132 1787 4212 elegiae
1840 4131 2105 4202 alienos,
2166 4123 2279 4186 etsi
2324 4125 2400 4182 ab

1693 4245 1816 4301 112
