3009 4725
310 417 356 491 tt
618 417 803 489 rtBULffl
840 420 925 492 ΠΒ.
945 419 969 491 l.
988 436 1015 492 4.

324 602 473 676 5Nudus
499 620 532 676 et
557 602 721 676 hibernae
743 604 907 705 producis
933 605 1064 705 frigora
1088 608 1247 701 brumae,

393 731 516 804 Nudus
541 748 574 805 et
599 731 715 805 aestivi
740 751 893 834 tempora
919 736 1008 810 sicca
1035 738 1156 814 Canis.‘

346 860 404 935 Sic
429 888 510 958 ego:
548 876 620 935 tum
645 862 774 937 Bacchi
797 864 976 964 respondit
997 865 1122 939 rustica
1149 866 1280 967 proles,

396 992 558 1068 Armatus
582 1021 686 1067 curva
710 995 761 1068 sic
786 994 869 1067 mihi
896 993 982 1069 falce
1008 995 1102 1074 deus.

351 1122 403 1196 ιΟ
429 1123 511 1221 fuge
537 1140 569 1196 te
594 1139 729 1197 tenerae
756 1152 940 1225 puerorum
967 1127 1105 1200 credere
1129 1127 1267 1202 turbae:

309 1268 345 1325 10
400 1253 488 1325 Nam
512 1280 650 1326 causam
676 1252 755 1326 iusti
781 1282 916 1355 semper
940 1256 1066 1328 amoris
1092 1254 1229 1331 habent

346 1381 411 1456 Hic
421 1380 542 1481 placet,
565 1383 719 1480 angustis
730 1383 824 1484 qnod
835 1412 959 1485 equum
973 1386 1157 1486 compescit
1166 1385 1328 1460 habenis:

366 1531 369 1544 ·
399 1511 465 1585 Hic
487 1509 656 1611 placidam
681 1512 779 1584 niveo
801 1529 936 1614 pectore
962 1513 1056 1614 pellit
1081 1542 1224 1615 aquam:

351 1642 436 1732 Hic,
469 1642 550 1743 quia
573 1642 672 1716 fertis
699 1641 795 1717 adest
820 1642 982 1734 andacia,
1018 1644 1123 1745 cepit:
1162 1644 1270 1719 atilli

400 1771 582 1869 Virgineus
606 1789 737 1846 teneras
765 1789 831 1846 stat
853 1772 969 1874 pudor
994 1791 1071 1848 ante
1100 1801 1215 1871 genas.

314 1897 425 1974 cased
452 1928 496 1973 ne
518 1917 550 1973 te
570 1900 724 2001 capiant,
759 1902 872 2001 prime
898 1903 926 1975 si
952 1903 1041 1978 forte
1061 1903 1219 2001 negabit,

387 2029 534 2104 Taedia:
563 2029 726 2131 paulatim
753 2033 819 2105 snb
845 2033 926 2132 iuga
950 2031 1037 2106 collo
1059 2032 1161 2106 dabit

350 2161 471 2257 Longa
497 2159 570 2233 dies
596 2159 727 2233 homini
755 2160 871 2233 docuit
895 2186 1015 2259 parere
1040 2158 1173 2247 leones,

403 2289 524 2388 Longa
549 2288 622 2362 dies
647 2287 740 2361 molli
766 2315 846 2360 saxa
867 2284 1000 2387 peredit
1025 2313 1130 2387 aqua:

353 2420 476 2492 Annus
502 2418 538 2491 in
565 2416 689 2517 apricis
713 2432 861 2489 maturat
883 2413 1026 2489 collibus
1053 2443 1153 2504 uvas,

315 2572 352 2626 20
408 2552 532 2625 Annus
558 2549 629 2648 agit
654 2567 743 2623 certa
769 2548 885 2624 incida
908 2549 1007 2647 signa
1032 2548 1113 2624 vice.
1234 2626 1240 2643 1

356 2683 428 2757 Nec
452 2682 565 2754 iurare
587 2680 685 2777 timet:
716 2680 860 2754 Veneris
883 2679 1034 2779 periuria
1055 2678 1145 2752 venti

408 2811 507 2884 Irrita
534 2838 597 2910 per
622 2828 729 2883 terras
752 2827 786 2882 et
811 2809 897 2883 freta
922 2836 1054 2883 summa
1075 2808 1199 2881 serunt.

362 2939 481 3013 Gratia
505 2965 630 3036 magna
656 2938 744 3010 Iovi:
782 2937 885 3009 vetnit
909 2955 1007 3037 pater
1029 2939 1102 3037 ipse
1127 2934 1254 3024 valere,

411 3070 561 3140 Iurasset
586 3064 710 3166 cupide
734 3065 900 3165 quicquid
925 3066 1061 3167 ineptus
1085 3093 1199 3139 amor:

320 3198 498 3299 25Perqne
522 3223 601 3270 snas
625 3196 765 3295 impune
790 3195 872 3268 sinit
893 3196 1066 3301 Dictynna
1093 3194 1231 3292 sagittas

416 3324 596 3413 Affinnes,
632 3323 742 3397 crines
769 3351 897 3425 perque
922 3325 1077 3398 Minerva
1098 3350 1186 3396 suos.

394 3586 428 3637 V.
441 3588 484 3637 13.
511 3586 578 3639 ch
602 3588 660 3639 libri
684 3589 775 3656 optimi
801 3603 897 3643 omnes.
943 3585 1081 3652 Regiensis
1101 3585 1200 3646 Hunc,
1225 3587 1256 3634 nt
1278 3579 1341 3634 edit.

324 3697 365 3751 pr.
389 3683 448 3735 mat.
475 3698 516 3734 sn.
536 3686 613 3736 147².
663 3684 706 3737 Ex
730 3686 789 3738 eliis
814 3692 919 3738 notatur
942 3682 1024 3734 Huic.
1043 3708 1078 3720 -
1127 3681 1160 3735 V.
1175 3684 1216 3734 ta.
1243 3695 1284 3732 ne
1307 3684 1342 3731 ta

325 3781 424 3849 optimi.
460 3781 548 3848 Vulgo
571 3789 599 3831 te
623 3799 655 3832 ne
678 3797 713 3835 ex
734 3785 825 3852 paucis
843 3781 978 3835 deterion's
999 3780 1112 3846 generis.
1129 3806 1163 3818 -
1191 3776 1343 3844 negabit,

324 3887 404 3935 recte.
441 3882 528 3948 Vulgo
546 3881 653 3952 negarit
674 3884 740 3935 male
759 3882 792 3933 de
809 3883 955 3935 coniectura
974 3848 1097 3936 Heriem.

396 4006 428 4060 V.
438 4009 483 4059 25.
506 4007 591 4059 sinit
614 4011 695 4058 recte.
732 4005 946 4060 Bnoncrnnsrns
966 4007 1036 4060 sinet
1058 4021 1091 4059 ex
1110 4004 1275 4069 Colbertino,
1298 4000 1345 4055 sed

326 4118 378 4157 non
398 4119 465 4171 epus
485 4108 526 4157 an
545 4103 641 4155 futuro.
