3009 4725
332 475 429 518 uxxtv
743 455 802 517 DE
826 453 948 521 POESI

334 651 448 709 genere
465 626 591 690 laudem
608 645 698 688 suam
714 625 820 688 habet.
862 624 944 689 Vide
962 648 992 691 v.
1005 649 1030 691 c.
1044 634 1241 712 praeclarum
1257 637 1360 701 locum

334 747 364 820 l,
388 753 425 821 5,
449 747 489 805 49
512 761 598 824 sqq.:

418 855 611 935 Sanguineas
636 850 707 915 edat
731 852 786 914 illa
808 852 920 936 dapes,
949 867 1042 938 atquc
1065 877 1120 919 ore
1145 875 1274 925 cruento

460 967 578 1029 Tristia
601 987 673 1028 cum
698 968 799 1029 multo
822 970 938 1048 pocula
959 971 1030 1030 lello
1053 971 1159 1035 bibat:

417 1083 508 1143 Hanc
530 1080 664 1144 volitent
687 1078 808 1141 animae
831 1082 948 1144 circum
973 1103 1031 1143 sua
1055 1084 1118 1147 lata
1139 1100 1305 1168 querentes

459 1198 606 1279 Semper,
637 1207 667 1257 et
692 1217 708 1257 e
733 1197 820 1257 tectis
845 1198 924 1259 strix
943 1198 1083 1261 violenta
1108 1216 1216 1265 canate

420 1317 493 1395 lpse
515 1314 597 1374 inme
621 1313 803 1374 stimulante
825 1313 934 1375 furens
955 1316 1131 1397 herbasque
1156 1317 1305 1397 sepulcris

459 1429 613 1506 Quaerat,
645 1440 676 1490 et
699 1451 716 1490 a
738 1430 839 1493 saevis
863 1451 934 1493 ossa
955 1432 1065 1493 relicta
1086 1433 1188 1513 lupis,

328 1540 334 1579 ³
420 1543 535 1605 Currat
556 1555 587 1605 et
607 1545 789 1623 inguinibus
810 1545 920 1625 nudis,
949 1548 1111 1627 ululetque
1133 1568 1192 1628 per
1214 1548 1324 1623 urbes,

458 1658 534 1717 Post
556 1669 627 1735 agat
649 1676 666 1718 e
689 1657 789 1720 triviis
812 1679 921 1739 aspera
942 1659 1035 1720 turba
1061 1681 1186 1723 canum.

333 1796 412 1873 Quis
434 1798 468 1860 in
490 1799 544 1860 tali
566 1801 680 1860 affectu
705 1821 772 1863 nun
798 1800 905 1864 laudat
931 1801 1080 1864 breviora
1101 1802 1244 1862 membra
1266 1820 1357 1862 usur-

333 1923 421 1990 pata,
444 1912 514 1993 quis
535 1913 708 1992 praeferret
730 1926 879 1996 quattuor
899 1912 1046 1995 periodos
1066 1917 1200 1977 naaiores
1218 1937 1277 1995 pro
1296 1916 1356 1975 hoc

330 2023 437 2085 vivido
457 2046 551 2088 cursu
570 2023 744 2088 orationis?
787 2028 961 2091 Veniamus
976 2029 1069 2109 igitur
1085 2049 1137 2106 eo,
1158 2047 1222 2108 quo
1236 2023 1354 2086 dudunt

330 2137 432 2200 tendit
454 2141 529 2200 haec
553 2137 740 2202 dissertatio.

394 2284 519 2346 Etenim
548 2288 646 2347 altera
674 2284 756 2345 ratio
784 2280 1016 2361 compositionis
1044 2282 1120 2341 haec
1150 2290 1212 2357 est,
1244 2289 1276 2338 nt
1306 2276 1353 2338 di·

329 2394 442 2458 stincta
472 2402 614 2461 membra
646 2397 761 2459 habeat
793 2390 947 2454 distichon
980 2394 1055 2455 alias
1088 2393 1178 2454 aliter
1209 2394 1352 2470 formata,

330 2521 424 2593 atque
455 2517 560 2575 omnia
590 2531 705 2591 genera
736 2509 888 2590 simplicia
917 2508 1120 2591 periodorum
1152 2509 1204 2570 hic
1237 2506 1353 2585 videas,

330 2626 530 2705 copulativae,
546 2625 758 2705 disiunctivas,
774 2624 980 2691 adversativae
994 2625 1244 2706 compositiones,
1257 2643 1353 2704 porro

329 2737 572 2817 conditionales,
598 2738 724 2819 finales,
755 2742 910 2820 causales,
940 2722 1085 2803 relativas
1112 2740 1352 2814 enuntiationes,

328 2866 366 2914 ut
386 2877 446 2935 par
467 2870 530 2935 est,
563 2879 644 2939 quae
667 2859 802 2920 varietas
829 2857 903 2918 scite
928 2868 1059 2918 tractata
1084 2856 1203 2936 egregie
1228 2854 1354 2918 adiuvat

329 2980 362 3030 et
382 2983 475 3049 anget
494 2971 635 3051 vigorem
658 2971 783 3049 elegiae.
825 2966 888 3030 Sed
907 2990 992 3030 nunc
1011 2971 1143 3032 observa
1160 2968 1352 3032 diversitates

326 3098 511 3165 poetarum,
543 3107 615 3147 natu
646 3106 715 3147 cum
741 3083 895 3148 diversam
924 3082 1063 3146 indolem
1091 3085 1204 3147 habeat
1225 3082 1352 3158 Tibulli,

325 3201 501 3281 Propertii,
533 3198 639 3265 Ovidii
667 3200 820 3278 elocutio,
852 3201 914 3262 hoc
940 3202 1011 3264 loco
1036 3201 1157 3280 insigne
1183 3198 1349 3260 discrimen

327 3311 556 3392 deprehendas.
622 3314 667 3376 Ac
700 3315 836 3395 primum
873 3312 1000 3397 quidem
1033 3335 1099 3375 non
1130 3312 1236 3376 videas
1266 3312 1351 3395 apud

328 3426 491 3489 Tibullum
522 3427 629 3491 Ovidii
657 3450 794 3509 moreni,
829 3431 916 3493 cuins
945 3429 1075 3492 disticha
1105 3432 1203 3493 nvttlta
1230 3432 1351 3492 minuta

325 3543 468 3602 membra
488 3542 589 3602 omnis
609 3547 730 3620 generis
747 3546 882 3623 liabent;
907 3546 1003 3606 ostatu
1024 3551 1094 3605 onai
1112 3550 1230 3625 propria
1247 3546 1348 3625 lupata·

325 3661 398 3718 citus
420 3655 540 3731 subtilis,
560 3660 709 3717 innumeris
730 3663 872 3720 momentis
892 3679 987 3719 rerum
1010 3655 1178 3739 exposcendis
1197 3661 1349 3732 ingeniosa,

325 3778 374 3833 cui
399 3774 519 3832 cantant
554 3772 696 3853 multiplea
722 3779 845 3835 varietas
869 3775 1068 3856 periodorum,
1102 3795 1171 3835 roro
1204 3779 1351 3849 nei-ousion,

322 3892 471 3970 plttrimvm
487 3909 550 3950 ocro
565 3895 675 3950 initiatis
687 3891 753 3949 culis
768 3902 844 3950 tuctu
859 3892 932 3950 alias
948 3893 1039 3951 aliter.
1082 3890 1233 3972 Exempla
1249 3910 1349 3969 pono:

411 4032 549 4109 'l’cmpus
573 4045 607 4091 ut
629 4033 808 4105 observem,
835 4029 947 4090 manda
970 4032 1063 4107 milti3
1094 4031 1206 4092 certius
1229 4032 1304 4092 ibis:

452 4142 517 4202 Nec
543 4156 590 4221 te,
622 4144 648 4203 ai
673 4145 780 4223 cupias
802 4144 885 4221 ipsa,
915 4163 1041 4203 strauere
1063 4144 1173 4206 siriani.
