3009 4725
475 389 506 460 T
508 388 660 460 lBULLl
694 388 779 461 LlB.
799 390 857 462 ΙΙΙ.
875 406 902 462 5.

513 703 772 768 ELEGIA
821 706 864 768 V.

210 870 313 1012 Vos
338 941 448 1014 tenet,
481 924 634 998 Etruscis
659 940 776 996 manat
803 950 891 1024 quae
913 924 1066 1000 lontibus
1092 929 1197 1018 unda,

267 1050 373 1127 Unda
400 1051 465 1125 sub
488 1052 650 1126 aestivum
672 1080 744 1125 non
771 1051 930 1127 adeunda
953 1056 1099 1146 Canem,

220 1185 320 1257 Nunc
346 1198 459 1256 autem
481 1181 586 1255 saeris
611 1182 776 1256 Baiarum
801 1183 949 1257 maxima
973 1181 1141 1288 lymphis,

274 1313 359 1384 Cum
386 1337 422 1385 se
446 1337 623 1412 purpureo
648 1338 726 1384 vere
752 1311 892 1385 remittit
917 1312 1058 1387 humus:

193 1442 265 1515 5At
290 1438 375 1514 mihi
395 1440 618 1540 Persephone
643 1439 779 1539 nigram
801 1439 980 1515 denuntiat
999 1443 1138 1541 horam:

266 1569 428 1643 Inmerito
453 1568 569 1642 iuveni
593 1595 696 1670 parce
720 1595 863 1658 nocere,
897 1570 969 1643 dea.

219 1699 296 1772 Non
322 1726 386 1797 ego
409 1699 535 1772 tentavi
558 1696 644 1771 nulli
670 1697 866 1771 temeranda
892 1699 1041 1774 virorum

268 1827 391 1901 Audax
415 1827 610 1901 laudandae
633 1855 732 1902 sacra
753 1827 876 1902 docere
903 1828 1003 1917 deae,

215 1957 286 2031 Nec
313 1984 388 2030 mea
411 1956 592 2031 mortiferis
615 1955 735 2029 infecit
759 1953 883 2057 pocula
910 1957 1020 2030 succis

178 2102 215 2159 10
273 2087 421 2160 Dextera
446 2113 509 2160 nec
536 2086 696 2188 cuiquam
722 2085 801 2159 trita
826 2112 955 2158 venena
981 2082 1094 2173 dedit,

218 2217 288 2291 Nec
314 2244 378 2290 nos
404 2214 563 2316 sacrilegi
589 2214 724 2316 templis
749 2215 962 2289 admovimus
986 2216 1103 2316 ignes,

203 2390 209 2405 ε
268 2346 339 2421 Nec
361 2374 421 2421 cor
444 2343 630 2420 sollicitant
654 2344 745 2420 lacta
767 2345 917 2421 nefanda
939 2375 1073 2437 meum,

216 2476 287 2550 Nee
310 2504 374 2549 nos
399 2476 541 2549 insanae
566 2475 768 2550 meditantes
794 2476 906 2575 iurgia
931 2476 1054 2550 mentis

272 2606 381 2705 Impia
406 2606 443 2679 in
464 2604 625 2681 adversos
647 2605 809 2680 solvimus
835 2633 895 2678 ora
921 2606 1021 2680 deos:

179 2732 266 2808 15Et
289 2732 445 2808 nondum
467 2736 544 2810 cani
570 2736 689 2834 nigros
714 2731 841 2806 laesere
867 2729 1025 2831 capillos,

267 2863 338 2937 Nec
359 2863 455 2941 venit
480 2863 579 2938 tardo
606 2892 708 2938 curva
736 2880 871 2936 senecta
896 2859 992 2960 pede.

250 3200 283 3255 V.
292 3205 319 3256 a.
337 3201 487 3255 maxima.
523 3202 613 3255 Probo
628 3216 687 3255 cum
704 3201 761 3254 allis
775 3201 949 3254 coniecturam
965 3199 1088 3252 Sctorrn
1103 3192 1196 3264 proxi·

178 3312 241 3362 m,
268 3297 301 3351 ue
324 3313 374 3366 qm
396 3313 426 3352 re
450 3299 568 3367 pturtbue
592 3299 619 3351 n
642 3298 827 3369 uxpunuona
850 3298 954 3351 uicum.
991 3279 1095 3348 Neutra.
1120 3292 1197 3361 prout

178 3401 221 3448 est
236 3393 326 3447 Votm
343 3396 506 3449 coniecturae
532 3413 604 3447 nunc
621 3412 742 3468 aequom
759 3394 845 3447 sacris
862 3392 994 3445 Baiarum
1013 3388 1105 3442 munia
1123 3388 1195 3460 lym-

175 3491 255 3562 phis,
272 3500 301 3547 et
312 3492 463 3547 Huwmtt
481 3511 554 3546 nunc
568 3511 672 3566 augens
688 3490 775 3546 seems
788 3490 921 3543 Boiorum
939 3505 1049 3541 munera
1066 3486 1191 3557 lymphis.

249 3617 282 3672 V.
292 3622 319 3672 1.
343 3616 452 3693 deorum
471 3618 664 3673 Ltouartnus
687 3634 747 3672 cum
772 3617 844 3670 libris
867 3617 990 3685 plurimis.
1036 3615 1114 3668 lusu
1135 3611 1196 3683 pio-

178 3731 247 3769 rum.
281 3716 426 3770 Scauros:
444 3731 479 3769 ex
493 3716 589 3769 Curso.
604 3731 726 3770 umor.
742 3717 910 3779 virorum,
927 3714 996 3782 quod
1012 3715 1086 3767 unica
1101 3727 1198 3776 rerum,

178 3819 206 3866 et
228 3814 364 3883 probatum
389 3815 479 3881 vulgo.
496 3842 533 3855 -
568 3815 600 3869 V.
613 3819 655 3868 to.
675 3816 763 3868 trlta
785 3814 880 3867 Curuo.
904 3830 966 3867 vsr.
1003 3812 1091 3865 Ceteri
1113 3817 1195 3861 certa.

176 3912 265 3981 vulgo
281 3923 357 3965 retra
374 3912 410 3966 da
427 3914 576 3967 conlectura
593 3915 755 3967 Soterem.
770 3940 806 3952 -
841 3912 874 3968 V.
888 3915 930 3965 11.
949 3909 1117 3974 sacrilegi
1134 3907 1196 3959 Cur.

176 4026 240 4066 m.
258 4010 641 4085 ιιιονι·ιεςοε1ῑιοιι.,ιἰιιιη
659 4012 704 4066 etit
726 4013 808 4067 multi.
824 4038 856 4053 -
893 4008 1122 4064 V.13.meutio
1142 4021 1199 4059 me·

176 4110 263 4165 liores.
300 4113 369 4166 eun
386 4109 508 4183 linguae.
