3009 4725
351 453 410 495 uxr.
762 429 820 492 DE
842 426 963 504 Posssl

438 599 522 662 Vota
544 610 672 665 movent
695 619 843 682 euporoer
865 600 922 662 ubi
940 596 1078 681 portitor
1100 618 1174 664 aera
1197 601 1327 684 recepit,

480 709 614 776 Obseret
634 713 787 776 herbosos
810 710 917 780 lurida
935 725 1028 795 porta
1046 732 1152 795 rogor·

351 823 416 888 Ubi
440 845 499 905 per
526 838 677 909 quattuor
705 826 837 890 disticha
863 825 974 892 eedem
1001 828 1156 891 sententia
1181 828 1243 890 alio
1272 838 1369 910 etque

350 936 412 998 alio
446 937 541 1001 modo
578 960 726 1020 expressa
758 940 904 1002 habetur.
966 940 1097 1008 Frustra
1129 940 1216 1004 telio¹
1236 957 1369 1026 quaerat

349 1047 434 1130 apud
464 1050 638 1114 Tibullum.
689 1051 851 1116 Pertineut
877 1073 954 1115 vero
984 1052 1095 1118 eodem
1123 1052 1369 1136 comparationes

350 1173 382 1225 et
404 1165 548 1245 exempla
570 1183 713 1228 ererum
733 1177 848 1228 nature
867 1178 899 1228 et
918 1168 982 1230 vita
1007 1168 1189 1245 hominum,
1216 1164 1369 1247 imprimis

350 1297 367 1337 e
389 1279 580 1359 mythologie
602 1279 698 1359 petita
720 1280 874 1358 plurime,
902 1301 967 1363 quo
991 1294 1106 1343 ornatu
1127 1293 1192 1343 tota
1212 1279 1369 1360 Propertii

348 1389 452 1467 poesis
473 1388 634 1453 distincte:
663 1411 735 1451 num
756 1391 849 1453 etiam
868 1393 945 1456 haec
967 1414 1039 1455 eum
1059 1394 1153 1456 finem
1173 1393 1306 1468 hebent,
1332 1370 1368 1453 ut

349 1497 458 1561 eedem
479 1522 530 1562 ree
551 1514 581 1565 et
600 1503 754 1564 sententia
776 1504 837 1566 alio
860 1517 955 1588 etque
978 1506 1040 1568 alio
1061 1504 1154 1568 modo
1176 1516 1368 1566 monstretur

350 1624 381 1675 et
398 1613 581 1677 illustretur.
622 1617 658 1678 ln
681 1637 746 1700 quo
768 1638 835 1680 non
857 1620 1069 1702 oppositiones
1088 1619 1211 1703 quaerit
1230 1618 1367 1699 Proper·

349 1723 427 1804 tius,
457 1726 512 1789 sed
535 1729 719 1792 varietatem
738 1742 862 1796 tentum
882 1731 1069 1813 iucundam,
1097 1732 1196 1796 veluti
1219 1731 1264 1798 eic
1285 1733 1314 1810 1,
1335 1738 1366 1808 2,

349 1845 481 1925 9eqq.:

433 1953 586 2037 Adspice,
616 1975 696 2039 quoe
718 1954 884 2018 eunmrittit
902 1955 1018 2018 humus
1040 1954 1179 2017 formosa
1200 1958 1318 2018 colores

474 2067 519 2130 Ut
540 2068 668 2132 veniant
688 2067 823 2131 hederae
846 2082 960 2150 sponte
982 2089 1038 2130 rua
1060 2068 1186 2143 melius,

433 2178 546 2259 Surget
567 2193 599 2243 et
620 2182 655 2242 in
677 2182 751 2246 solie
774 2181 894 2246 fellciue
917 2183 1046 2244 arbutus
1067 2178 1180 2254 antris,

473 2293 513 2354 Et
534 2293 610 2355 sciat
630 2292 781 2356 indociles
803 2314 931 2391 currere
952 2292 1081 2374 lympha
1100 2289 1178 2354 viee.
1217 2315 1231 2338 α

433 2406 543 2470 Litora
564 2408 675 2473 nativis
697 2410 852 2470 collucent
871 2405 954 2486 picta
974 2404 1105 2486 lapillis,

473 2519 514 2581 Et
533 2522 677 2583 volucres
701 2521 789 2581 nulle
808 2516 930 2581 dulcius
952 2530 1018 2581 arte
1040 2526 1165 2581 canunt.

348 2633 406 2694 Hie
427 2633 536 2694 confer
556 2633 676 2696 Tibulli
697 2633 869 2708 rationem,
899 2632 956 2717 qui
976 2629 1157 2714 ceteroquin
1180 2624 1365 2711 paucissima

349 2744 530 2807 huiusmodi
553 2746 663 2825 habet,
692 2746 726 2825 1,
748 2747 786 2823 4,
808 2752 869 2808 29:
976 2756 992 2779 ⁴

435 2856 538 2933 Quam
559 2860 619 2921 cito
639 2880 798 2940 purpureos
819 2855 963 2938 deperdit
983 2868 1067 2917 terre
1088 2854 1221 2929 colores,

474 2970 578 3047 Quem
597 2973 658 3034 cito
682 2970 836 3033 formum
856 2971 993 3051 populus
1016 2966 1087 3030 alia
1108 2964 1230 3033 comesi

348 3085 406 3147 ubi
431 3086 589 3168 oppositio
613 3085 788 3156 manifesto.
830 3085 953 3147 Verum
978 3079 1056 3146 haee
1082 3084 1244 3145 heotenm.
1291 3078 1367 3140 Non

348 3195 383 3258 id
410 3219 494 3260 nunc
518 3218 576 3278 ego
599 3211 637 3260 ut
660 3197 820 3278 Propertii
848 3196 1055 3260 elocutionem
1077 3195 1150 3258 datu
1174 3213 1270 3275 opera
1294 3191 1368 3252 illu·

349 3322 443 3372 strem
471 3322 585 3388 totam,
612 3308 700 3393 quod
725 3308 788 3373 olio
812 3311 884 3373 loco
908 3308 1036 3388 seciam3
1066 3308 1178 3390 placite
1199 3305 1366 3387 Propertio

350 3423 547 3505 amplificatio
577 3425 679 3507 qualis
706 3425 763 3503 eit,
801 3423 940 3487 indicere
971 3423 1093 3501 volui‚-
1116 3430 1149 3484 et
1178 3440 1273 3504 quam
1302 3419 1367 3481 vim

349 3537 426 3598 haec
447 3556 499 3599 res
518 3537 649 3616 habeat,
677 3539 734 3600 uhi
758 3536 798 3603 de
818 3535 996 3603 discrimine
1018 3535 1215 3601 Tibullimae
1237 3542 1268 3592 et
1287 3531 1367 3592 Pro-

349 3652 510 3731 pertianae
540 3652 725 3715 elocutionis
756 3651 868 3731 egitur.
928 3649 1060 3717 Ovidiue
1087 3659 1241 3729 utroque,
1280 3644 1367 3728 quod

350 3762 573 3844 explicuimus,
600 3765 730 3828 artifieio
756 3765 855 3831 utitur
875 3765 926 3826 tie
946 3764 1009 3827 illic
1035 3762 1091 3824 ubi
1110 3782 1160 3823 ree
1184 3760 1262 3839 lert3
1286 3781 1367 3842 quae

349 3898 425 3939 vero
447 3876 488 3938 eit
507 3875 640 3958 proprie
658 3879 740 3947 ratio
757 3880 949 3945 tractationis
971 3897 1061 3957 tuae,
1078 3897 1174 3958 supra
1191 3874 1254 3938 iam
1271 3874 1368 3939 verbo

319 4036 332 4059 .
347 3987 494 4051 iudicavi.

413 4096 494 4163 lllud
516 4099 668 4161 hocloco
689 4110 785 4163 restat
806 4102 975 4180 egendum,
1004 4114 1037 4163 ut
1059 4098 1097 4162 de
1116 4104 1196 4162 temo
1218 4109 1244 4159 et
1267 4107 1369 4178 quarto
