3009 4725
332 386 387 462 42
636 385 823 462 TIBULLI
857 388 1053 468 1111111.

374 572 465 648 Hinc
491 587 525 647 et
546 570 714 649 femineus
739 573 840 650 labor
860 593 921 667 est,
946 576 1029 653 hinc
1053 604 1161 680 pense
1182 580 1355 684 colusque,

423 704 535 780 Fusus
559 721 593 777 et
614 705 772 806 apposito
798 706 922 807 pollice
947 726 1058 783 verset
1082 736 1187 810 opus:

331 830 488 934 &Atque
515 830 629 937 aliqua
656 836 815 911 assiduae
842 838 961 912 textrix
987 854 1125 939 operata
1151 839 1324 915 Minervae

426 961 565 1053 (lentat,
591 983 625 1040 et
649 965 816 1068 applausu
841 966 905 1043 tela
926 984 1025 1042 sonat
1044 966 1159 1047 tatere

369 1093 448 1195 lpse
471 1094 628 1195 interque
651 1123 773 1196 greges
794 1098 948 1199 interque
974 1116 1125 1173 armenta
1151 1097 1286 1201 Cupido

419 1223 528 1300 Natus
551 1240 584 1299 ct
609 1224 794 1302 indomitas
820 1227 946 1302 dicitur
971 1228 1061 1303 inter
1086 1256 1200 1331 eques.

367 1351 440 1430 ltlie
465 1354 605 1430 indocto
627 1357 777 1457 primum
802 1385 838 1432 se
865 1358 1013 1432 exercuit
1038 1385 1138 1434 arcu:

327 1498 365 1553 70
424 1484 488 1557 Hei
513 1485 610 1575 milri,
634 1515 738 1590 quant
761 1487 878 1562 doctas
894 1516 986 1561 nunc
1004 1488 1106 1562 hebet
1131 1486 1187 1562 illc
1206 1492 1346 1562 manus!

367 1613 439 1688 Nec
461 1615 628 1716 pecudes,
661 1616 753 1691 reiut
777 1634 874 1707 ante,
904 1619 1006 1719 petit:
1042 1617 1155 1692 fixisse
1177 1617 1307 1720 puellas

413 1743 523 1819 Gestit
546 1759 579 1820 ct
604 1745 751 1821 audaces
773 1747 1010 1848 perdomuisse
1036 1748 1136 1822 viros.

365 1873 430 1948 Hic
455 1874 568 1952 inveni
593 1874 739 1952 detraxit
762 1905 866 1978 opes,
894 1877 951 1951 hic
978 1876 1092 1953 dicere
1119 1878 1218 1952 iussit

414 2003 533 2080 Limen
560 2011 607 2082 ad
631 2006 737 2081 iratae
763 2008 868 2082 verbe
892 2007 1056 2110 pudenda
1082 2033 1216 2081 senem:

323 2147 360 2205 75
368 2134 442 2209 Hoc
469 2136 556 2210 duce
582 2137 742 2212 custodes
768 2138 886 2213 furtim
911 2155 1121 2233 transgressa
1143 2136 1289 2208 iacentes

413 2262 471 2338 Ad
496 2264 652 2340 iuvenem
673 2269 822 2343 tenebris
844 2265 916 2342 sota
938 2262 1052 2367 puella
1077 2264 1168 2336 venit

362 2393 405 2470 Et
425 2395 573 2497 pedibus
598 2416 787 2499 praetentat
812 2398 876 2470 iter
900 2422 1068 2497 suspensa
1092 2394 1231 2484 timore,

416 2524 581 2628 Explerat
606 2532 723 2603 caecas'
742 2525 798 2600 cui
822 2552 945 2599 manus
967 2542 1045 2599 ante
1069 2525 1152 2600 vies.

362 2653 419 2729 Ah
447 2656 583 2749 miseri,
607 2684 694 2760 quos
720 2656 778 2732 hic
800 2655 947 2757 graviter
972 2656 1057 2731 deus
1081 2645 1200 2756 urget!
1226 2673 1261 2730 nt
1283 2654 1340 2730 ille

321 2802 359 2857 80
416 2785 528 2878 Felix,
563 2787 618 2863 cui
643 2786 801 2889 placidus
826 2785 948 2861 leniter
970 2785 1065 2861 afflat
1089 2785 1206 2861 Amor.

362 2915 504 3007 Sancte,
537 2918 615 2990 veni
638 2916 787 3018 dapibus
812 2915 927 3006 festis,
959 2915 1021 2990 sed
1045 2945 1136 3019 pone
1161 2918 1299 3016 sagittas

417 3046 462 3120 Et
485 3044 607 3148 procul
632 3045 790 3121 ardentes
815 3043 897 3118 hinc
923 3073 1048 3148 precor
1072 3047 1161 3121 abde
1186 3046 1286 3120 faces.

361 3178 432 3251 Vos
458 3175 625 3252 celebrem
650 3192 784 3250 cantate
810 3174 912 3250 deum
938 3176 1121 3278 pecorique
1146 3191 1262 3248 vocate

403 3311 514 3384 Voce:
551 3304 666 3409 palam
691 3306 827 3410 pecori,
860 3305 948 3383 clem
972 3307 1040 3382 sibi
1064 3305 1208 3407 quisque
1233 3322 1336 3378 vocet.

390 3678 423 3733 V.
434 3681 479 3732 65.
503 3680 592 3748 Vulgo
616 3681 699 3734 textis
725 3681 759 3737 de
779 3683 927 3737 contectura
951 3678 1090 3732 Frurnrn
1109 3675 1222 3731 'minime
1244 3690 1338 3731 neees-

318 3777 395 3832 nne.
410 3806 446 3818 -
482 3777 662 3835 Minervae
685 3780 764 3835 Irim
788 3787 875 3846 recte,
899 3777 957 3831 libri
975 3775 1136 3830 Minervam.

390 3913 424 3969 V.
432 3916 477 3966 82.
497 3928 622 3983 precor
638 3915 697 3969 ttbri
715 3915 807 3983 optimi
826 3920 853 3968 et
870 3912 981 3984 plurimi
1016 3913 1107 3983 Vulgo
1125 3928 1159 3966 ex
1176 3911 1234 3964 stite
1251 3910 1339 3979 plecet

315 4009 413 4078 procul
434 4013 514 4066 wem
541 4010 590 4066 tric.
641 4013 697 4066 Sed
724 4020 855 4081 repugnet
878 4012 943 4069 haec
967 4012 1127 4070 vehementia
1150 4011 1261 4065 effectus
1285 4008 1337 4063 teni

317 4109 391 4163 initio
410 4108 528 4163 distichis
545 4113 659 4175 Sancte,
677 4109 738 4161 veni
758 4110 880 4181 dapibus.
