3009 4725
321 402 381 462 tte
552 399 834 469 concinnans.
855 408 901 488 tn
923 409 1097 476 uranum

1477 247 1486 380 l

318 576 469 625 commotus.
509 571 587 626 Ponit
611 578 696 627 antem
722 576 832 644 primum
857 584 1047 648 generaliorem
1064 587 1278 656 significationem
1295 592 1333 645 rei

318 669 546 738 (foederatam),
568 678 624 725 tum
642 674 729 741 paullo
747 678 887 745 speciatim
905 686 933 734 et
951 681 1082 740 detinitins
1099 690 1208 744 Veneris
1226 705 1334 759 compo·

316 772 411 839 sitique
429 771 521 840 capitis
538 771 634 840 gandia
651 774 742 830 innuit.
779 776 854 832 Haec
871 786 913 832 est
929 780 1022 838 torma.
1040 812 1077 826 -

204 845 211 858 “
387 872 420 926 V.
447 875 538 925 9·ts.
580 874 730 928 Medium
758 893 903 932 carmen.
943 880 1056 933 Prima
1085 896 1173 947 pars.
1208 883 1331 953 Depin-

314 973 367 1042 git
389 989 534 1028 amoram
557 989 651 1028 annm
678 976 864 1042 insignem,
893 980 1177 1035 remuneratione
1201 980 1331 1049 dignis-

314 1073 446 1126 simuma
470 1072 551 1140 qnid
575 1073 705 1125 iecerit
728 1088 801 1125 cum
826 1081 1033 1141 aegrotaret
1057 1079 1172 1148 Delia,
1198 1083 1329 1149 qualem

313 1172 524 1227 iellcitatem
550 1171 757 1238 imaginatus
781 1173 845 1239 sit,
872 1176 902 1227 si
929 1179 1099 1233 restituta
1126 1182 1330 1236 valetudine

313 1287 382 1324 earn
400 1264 513 1326 sec'nm
534 1287 610 1324 rure
628 1269 787 1340 baberet,
805 1275 953 1343 deniqne
970 1285 1007 1331 nt
1024 1281 1128 1334 etiam
1147 1297 1248 1347 nunc,
1273 1282 1328 1334 ubi

305 1370 401 1423 -alins
425 1375 557 1422 amator
580 1372 781 1439 praelatus,
807 1376 981 1431 maximam
1006 1380 1037 1431 in
1063 1381 1180 1433 serim
1206 1379 1330 1433 habeat

311 1467 512 1521 recordatio
530 1468 787 1537 putcherrimae
806 1476 957 1542 puellae.
993 1477 1061 1531 Nanr
1079 1477 1105 1531 hi
1124 1485 1177 1532 tres
1196 1479 1247 1532 loci
1265 1494 1330 1532 con·

311 1570 383 1622 tiano
402 1584 542 1638 progressu
559 1569 707 1626 cohaerent.

384 1670 506 1734 noso.
544 1667 672 1737 Incipit
690 1670 1073 1768 primafleacriptioa·
1101 1673 1247 1729 defessa.
1284 1677 1331 1730 Sic

306 1768 388 1840 fesso
411 1766 478 1821 inira
494 1767 541 1831 IV,
560 1770 586 1832 t,
612 1772 655 1823 10.
685 1772 729 1835 11,
753 1774 781 1825 2.
818 1771 1185 1840 0rrn.Heroid.XXl,14.
1221 1776 1331 1831 Honar.

312 1872 397 1924 Carm.
423 1873 500 1924 Sacc.
525 1874 568 1924 nn.
599 1869 748 1941 interpreti.
774 1871 807 1926 ad
832 1874 923 1929 Anna.
942 1878 1006 1929 ὄπ.
1020 1904 1057 1917 -
1083 1876 1196 1943 dicor,
1221 1885 1332 1942 constat,

212 1977 218 1986 “
310 1982 340 2028 nt
358 1980 429 2027 recte
447 1973 692 2027 Wnnnansrcurns
710 1979 807 2028 mouet.
843 1976 973 2029 Provocat
994 1976 1061 2028 enim
1086 1976 1119 2028 ad
1144 1984 1246 2041 notam,
1270 1992 1330 2030 cer-

309 2080 372 2140 tam,
390 2073 559 2126 indubitatam
578 2087 642 2125 rem.
659 2100 695 2111 -
714 2074 814 2126 rotis.
850 2074 966 2128 Primum
985 2089 1037 2127 nno
1056 2076 1159 2128 nomine
1176 2076 1329 2143 complecti·
1350 2087 1355 2093 “

310 2179 352 2225 tnr
369 2171 432 2239 quid
448 2170 555 2235 iecerit,
583 2185 646 2222 mox
667 2171 855 2224 accuratiorem
881 2171 1081 2240 descriptionem
1108 2172 1188 2223 dabit.
1224 2171 1327 2242 Nempe

310 2274 465 2326 instraverat
489 2271 589 2324 Deliam
615 2277 643 2323 et
666 2276 850 2339 procuraverat
874 2272 973 2323 somnia
998 2272 1070 2335 eins,
1097 2285 1155 2324 onrn
1175 2272 1327 2329 lustratione

309 2391 372 2428 vero
391 2382 418 2428 et
435 2375 615 2444 procuratione
633 2371 709 2425 simnl
728 2377 789 2424 rota
807 2386 866 2424 enm
885 2377 947 2440 puta
964 2387 1135 2441 nuncupasse,
1158 2373 1215 2427 sine
1233 2375 1326 2442 qnibus

309 2489 368 2527 cnm
394 2475 445 2528 vina
470 2489 521 2528 nnn
548 2470 696 2526 habuissent
720 2472 758 2525 illi
782 2473 862 2539 ritus,
888 2474 960 2526 rides
987 2487 1034 2526 cur
1059 2474 1128 2526 rotis
1152 2475 1255 2528 licuerit
1279 2476 1327 2527 de-

309 2574 411 2641 signare
430 2579 519 2627 totum.
564 2571 687 2625 Ceterum
705 2571 828 2625 insimili
849 2588 927 2625 cansa
945 2573 1089 2625 Paoannn.
1107 2572 1142 2639 ll,
1159 2577 1187 2639 9,
1203 2577 1248 2626 25.
1267 2581 1328 2627 vota

309 2674 388 2725 iactat
404 2678 524 2741 suscepta
543 2686 590 2741 pro
609 2668 738 2737 Cynthiae
756 2669 849 2736 salute,
866 2686 897 2723 ac
913 2676 1016 2723 constat
1035 2672 1123 2724 multis
1140 2672 1197 2725 aliis
1217 2674 1328 2742 scripto-

308 2785 365 2823 rum
384 2770 448 2822 locis
472 2776 499 2823 et
522 2769 735 2838 inscriptionibus
753 2769 866 2835 antiquis
883 2769 910 2820 in
927 2769 1025 2822 morbis
1043 2785 1091 2839 pro
1111 2787 1229 2825 caromm
1253 2773 1327 2825 inco·

218 2933 227 2947 .
309 2870 426 2923 lumitate
451 2874 513 2920 vota
536 2867 633 2935 suscipi
658 2868 749 2932 solita,
773 2866 807 2920 de
830 2882 881 2933 qna
905 2881 935 2920 re
959 2868 1026 2921 dixit
1051 2869 1273 2924 Baoncrnnsrns.
1291 2894 1329 2911 -

308 2971 342 3025 V.
352 2976 382 3024 li
395 2986 433 3037 sn.
452 2968 609 3037 ipseque.
628 2967 682 3020 Per
698 2970 818 3036 copulam
837 2967 938 3020 orditur
954 2971 1153 3039 explicationem
1169 2974 1326 3040 singularum

309 3086 412 3136 rarum,
441 3068 474 3122 ci'.
493 3067 527 3120 ad
545 3068 567 3134 1,
584 3071 610 3133 6,
629 3072 673 3120 69.
691 3072 718 3133 9,
737 3071 779 3121 13.
805 3075 833 3120 et
858 3069 925 3123 adde
942 3086 1022 3140 supra
1045 3071 1068 3135 1,
1086 3076 1113 3138 t,
1130 3075 1192 3140 tn,
1216 3074 1325 3126 similem

309 3172 444 3223 transitum
468 3181 517 3237 per
540 3183 602 3217 nen.
626 3192 661 3205 -
698 3166 765 3218 Mox
792 3167 932 3235 circum,
959 3172 1111 3225 circumiens
1126 3170 1195 3227 'cnm
1219 3172 1325 3228 sniiure.

309 3271 456 3324 Pronomen
481 3273 514 3321 te
534 3265 667 3320 codicibus
689 3268 897 3323 commendatum
920 3273 998 3325 etiam
1018 3280 1155 3341 propterea
1173 3289 1260 3326 verum
1279 3274 1326 3326 ha-

310 3370 376 3435 beo,
401 3372 461 3439 quia
480 3368 631 3421 carmelius
649 3370 736 3437 paullo
758 3370 937 3438 postdicitnr.
975 3372 1042 3425 Nam
1070 3371 1112 3425 hic
1130 3373 1234 3440 quidem
1253 3389 1325 3427 oom-

309 3468 386 3521 mode
410 3470 494 3523 omitti
521 3470 621 3538 potnit,
646 3470 706 3536 quin
726 3486 775 3540 per
798 3487 827 3525 se
850 3474 1018 3541 intelligitur,
1046 3473 1172 3540 siquidem
1195 3488 1229 3525 er
1252 3489 1325 3526 more

308 3568 359 3620 ritu
384 3584 436 3621 nno
461 3571 609 3624 continuato
634 3555 864 3627 circumferebatur
889 3580 930 3626 ter
955 3572 1037 3625 sulfur
1061 3574 1088 3625 in
1111 3572 1272 3625 lustratione
1290 3598 1325 3609 -

310 3681 412 3734 puro,
432 3669 578 3735 purgationi
595 3677 672 3738 apto,
690 3678 827 3738 purgante.
862 3674 958 3726 Graeci
979 3676 1054 3724 θεῖον
1073 3668 1193 3742 καθαρόν
1209 3672 1327 3725 similiter

310 3767 413 3834 dicunt,
439 3773 470 3819 ut
494 3766 651 3823 Tnnocarn.
669 3769 770 3836 XXIV,
796 3774 841 3825 st.
878 3772 999 3826 Ceterum
1027 3771 1084 3824 ride
1111 3771 1144 3823 de
1169 3770 1326 3824 lustrationis

310 3871 411 3923 attone
438 3852 633 3935 an1‚a‚us.
660 3879 687 3924 u
711 3873 781 3925 anns
806 3872 905 3924 naras.
931 3871 964 3924 sn
992 3872 1068 3924 ovar.
1095 3871 1166 3924 nass.
1193 3870 1239 3935 tv,
1264 3872 1326 3921 sao.

311 3970 420 4023 Menas.
438 3969 565 4023 Exercitt.
588 3969 663 4021 Critt.
681 3970 713 4022 P.
731 3969 766 4026 ΙΙ.
786 3987 809 4023 c.
828 3973 871 4022 17.
889 3998 923 4009 -
954 3968 1224 4038 praecinuisset.
1260 3968 1327 4019 Pro—

311 4071 367 4137 pria
384 4084 435 4121 nos
453 4066 486 4119 de
504 4066 720 4119 incantationibus
739 4069 764 4120 in
782 4069 879 4121 morbis
896 4070 1033 4134 adhibitis,
1051 4067 1119 4120 unde
1138 4066 1328 4135 praecantriees

312 4168 396 4218 dictae
420 4181 507 4233 sagae.
544 4165 611 4249 Vide
630 4165 760 4219 laudatum
780 4182 796 4219 a
814 4168 919 4222 Vnnrro
941 4178 968 4224 et
988 4169 1101 4223 librato
1121 4168 1282 4220 Gronovinm
1302 4167 1327 4217 in
