3009 4725
498 423 607 487 ulan.
630 376 655 486 i.
697 423 817 487 nunc.
839 423 895 488 rv.
1162 434 1202 491 eo

186 598 293 665 longum
311 593 420 661 ridetur,
443 600 473 648 nt
490 593 540 660 hic,
557 600 586 647 et
603 593 636 647 de
654 593 774 659 iucundo,
792 594 862 662 quod
879 595 997 664 capimur
1014 609 1071 649 ease
1089 597 1204 662 longum,

186 698 266 765 genio
289 695 470 763 indulgenter,
498 701 528 748 ut
545 695 675 748 Taaann.
695 693 805 764 Adelph.
824 696 871 762 lv,
889 698 916 760 2,
934 698 980 747 52.
1008 693 1149 747 litamur..
1168 692 1205 756 ll,

186 801 231 850 89.
265 796 307 850 ci.
325 797 442 850 linunt.
460 795 493 848 ad
516 796 580 849 Rut.
599 796 669 864 an.
685 796 720 860 ll,
740 812 769 864 p.
789 800 852 850 100.
887 795 957 849 Nota
976 803 1111 865 praeterea
1128 800 1203 847 aunt:

186 897 289 956 ducere,
305 896 423 954 tradere,
440 895 590 952 extrahere,
608 895 757 951 extendere,
778 894 892 951 tendere,
916 895 1033 954 educare,
1056 896 1110 950 rid.
1127 894 1205 948 Bm·

186 1011 275 1050 naun.
293 994 327 1048 ad
345 995 432 1048 Valet.
445 994 485 1047 Fi.
497 996 595 1060 Argon·
612 992 634 1056 1,
648 995 710 1045 251.
728 998 757 1044 et
770 991 804 1045 ad
816 992 892 1045 ovio
905 993 972 1048 Met.
984 994 1007 1060 l,
1018 998 1080 1048 683.
1098 997 1206 1047 notante

188 1097 267 1149 etiam
292 1096 417 1149 Harnro.
435 1122 470 1133 -
504 1100 658 1163 tempora
684 1095 789 1147 nicea.
826 1094 935 1147 coniert
961 1095 1201 1150 Wnunnanrcmoa

191 1192 285 1248 Horat.
302 1192 350 1258 lit,
367 1196 412 1258 29,
428 1196 474 1247 20.
499 1191 581 1243 siccos
600 1190 669 1248 dieo,
695 1190 739 1243 nni
757 1191 809 1244 vid.
828 1190 1004 1246 tirasonam.
1040 1195 1086 1248 sie
1102 1196 1204 1266 Σείριος

190 1288 297 1352 diutior
314 1292 431 1349 Hesion.
449 1295 523 1346 Scut.
544 1295 604 1344 ian.
623 1298 650 1344 ot
667 1289 754 1344 decue
772 1291 848 1344 canis
865 1289 1007 1345 Paonann.
1025 1292 1204 1358 111114.-

190 1391 223 1445 V.
240 1396 259 1445 ‘l
276 1408 316 1460 aq·
343 1391 470 1447 Bacchi
497 1393 632 1461 proles,
656 1401 685 1444 et
702 1393 827 1458 Veneria,
851 1399 881 1445 ut
904 1393 1021 1462 plerique
1037 1392 1151 1446 tradunt.
1167 1419 1204 1433 -

158 1536 162 1544 ,
190 1489 269 1542 Addit
285 1489 379 1545 deinde
396 1497 475 1561 poeta
487 1490 521 1543 ad
539 1489 692 1561 pentametri
704 1496 823 1543 ornatum
842 1493 918 1544 aliam
932 1507 1024 1545 novam
1042 1491 1202 1559 designatio-

191 1601 251 1639 nem
267 1588 369 1656 Priapi,
392 1592 438 1644 cul
457 1589 528 1658 qnod
552 1590 650 1642 ineerta
674 1596 734 1643 runt
757 1591 852 1644 verber
878 1593 929 1644 aio
955 1590 1050 1653 mint,
1074 1590 1207 1645 offendere

192 1701 246 1739 non
261 1686 387 1755 debebat,
413 1705 473 1744 cum
497 1706 545 1760 per
569 1694 652 1743 tolum
670 1690 757 1742 iocum
774 1690 848 1757 quari
866 1704 916 1742 una
932 1690 967 1742 ait
991 1705 1041 1744 non
1064 1690 1208 1759 interrupta

193 1787 316 1841 oraticula
339 1789 507 1858 perpetuitaa
525 1819 562 1832 -
595 1805 703 1844 curva.
739 1789 897 1856 Designatur
920 1788 986 1843 deos
1003 1803 1038 1842 ex
1055 1787 1144 1843 habitu
1161 1805 1207 1844 oo-

193 1887 286 1954 lemni,
312 1904 391 1956 qnare
416 1891 492 1944 etiam
518 1888 651 1959 epitheton
669 1890 743 1944 inicia
762 1889 804 1943 hic
821 1889 926 1959 quidem
948 1903 982 1942 ex
1000 1903 1205 1955 eorumgenere

193 2000 251 2038 erae
268 1985 373 2054 debuit,
397 2003 464 2055 qnae
488 1995 615 2058 perpetua
640 1988 736 2043 dicunt.
772 1987 913 2045 ruinam,
939 1988 1009 2056 qnod
1026 1988 1141 2042 Vocatur
1158 2003 1207 2040 au-

193 2082 282 2138 dacter
298 2086 384 2140 intulit
401 2102 440 2155 pr.
458 2085 498 2139 aie
515 2086 581 2138 miti
597 2086 714 2141 scribens
732 2084 811 2157 falce
835 2084 970 2144 minante,
997 2085 1047 2139 hoe
1065 2085 1146 2153 igitur
1169 2085 1208 2136 nti

192 2194 281 2255 aptam
299 2186 367 2241 ieret
383 2201 461 2256 snpra
474 2188 497 2254 l,
514 2192 595 2253 1,18.
613 2189 650 2241 itu
667 2189 780 2242 alienum
797 2187 857 2240 dico
874 2186 907 2239 ab
924 2184 974 2239 hoc
991 2187 1059 2253 loco,
1079 2183 1124 2237 nbi
1140 2197 1207 2236 non·

193 2285 241 2338 nini
258 2288 369 2342 maxime
386 2290 519 2355 generalia
537 2290 715 2357 requirantur3
732 2295 761 2342 at
778 2286 848 2356 quod
866 2288 967 2341 iuribus
984 2287 1124 2352 avibusque
1143 2298 1206 2352 per-

193 2387 285 2442 niciem
302 2390 414 2444 natantur
429 2391 492 2455 salx,
511 2388 574 2443 llaec
592 2390 712 2459 apeciallr
729 2404 773 2442 rea
790 2394 839 2454 eat,
857 2390 931 2442 cuius
948 2386 1063 2455 cognitio
1081 2399 1148 2437 nunc
1165 2384 1207 2436 in·

194 2487 273 2540 utilia.
290 2514 323 2529 -
352 2489 542 2558 respondit.
578 2491 667 2557 Saepe
684 2490 832 2557 loquentem
851 2487 976 2540 inducunt
992 2487 1115 2555 Priapum
1133 2488 1207 2536 vete-

195 2602 253 2652 rea3
280 2590 353 2645 culm
371 2589 412 2647 rei.
426 2606 550 2657 quaenam
569 2591 670 2644 canoni
706 2589 794 2644 Credo
818 2587 888 2655 quod
906 2588 1044 2653 ignobilior
1061 2586 1139 2652 deur,
1162 2588 1208 2654 qui

195 2688 290 2756 ubique
307 2688 334 2744 in
351 2687 432 2742 bonu
454 2696 550 2756 claret,
576 2688 774 2742 familiaritatem
793 2685 919 2753 quandam
943 2684 1066 2737 maiorem
1082 2700 1142 2737 caua
1159 2682 1208 2739 ho·

192 2788 303 2842 minibua
325 2794 504 2855 contraxeram
531 2802 612 2855 quare
635 2791 666 2838 ut
685 2784 713 2839 ii
735 2784 838 2853 saepius
855 2796 915 2835 eum
936 2779 1147 2846 alloquebantur,
1171 2782 1208 2833 ita

192 2886 250 2955 ipae
274 2888 353 2941 etiam
376 2887 480 2940 amabat
503 2886 574 2954 ioqui
597 2899 655 2938 cunr
679 2883 718 2936 ila.
753 2882 791 2935 Et
815 2896 883 2934 nunc
906 2879 1009 2947 quidem
1032 2878 1208 2930 consuliture

192 2983 314 3051 Tibulio;
337 3001 422 3054 nequa
446 2993 533 3040 tamen
557 2986 618 3040 ideo
641 2984 753 3038 iatidIcia
770 2984 820 3037 dile
836 2981 966 3037 acoemeti
986 2978 1065 3033 debet
1082 2976 1126 3046 qui
1148 2991 1208 3029 ora·

193 3085 252 3137 cula
269 3100 321 3140 non
337 3084 457 3141 habebat
473 3113 508 3126 -·

499 3245 505 3255 ⁸
526 3264 725 3335 Praecepta
749 3262 876 3332 Priapi.

267 3390 297 3445 Si
315 3393 402 3446 atatim
418 3410 447 3448 ae
464 3394 604 3449 redderent
620 3395 693 3464 pueri
711 3411 801 3448 omner
815 3391 930 3455 formosi,
947 3385 1093 3458 praeceptis
1107 3389 1136 3438 et
1150 3388 1208 3437 arte

193 3505 288 3558 magna
307 3506 373 3561 opat
397 3508 450 3548 non
471 3498 557 3561 ωας
587 3510 655 3549 nunc
672 3502 759 3548 aulem
776 3508 856 3561 caepe
874 3490 992 3542 difficiles
1009 3494 1069 3540 aunt
1086 3501 1135 3540 nec
1153 3484 1209 3538 aine

193 3607 274 3657 opera
290 3593 434 3647 vincuntur.
470 3596 562 3651 mare
576 3609 642 3663 opua
659 3593 815 3663 praeceptis.
851 3589 964 3642 Docelur
980 3587 1061 3653 igitur
1076 3582 1207 3654 quomodo

194 3689 235 3740 rel
251 3691 383 3744 reluctatur
401 3706 467 3760 puer
484 3692 588 3745 tandem
606 3691 762 3758 subiugum
780 3687 863 3755 redigi
883 3687 975 3756 possit.

263 3790 297 3844 V.
315 3794 408 3848 9-38.
441 3793 671 3863 Praeceptum
687 3790 863 3859 generale.
899 3788 1027 3841 Melina
1043 3785 1090 3838 ait
1107 3779 1210 3835 omui·

194 3903 235 3940 no
260 3905 322 3945 non
347 3894 505 3950 incidere
536 3898 568 3950 in
591 3909 743 3949 amorem
774 3905 971 3962 puerorum,
1001 3887 1065 3939 dicit
1089 3885 1209 3950 Priapus,

194 3990 223 4042 ai
252 3995 363 4046 lamen
395 3994 582 4062 incideris,
620 4003 701 4049 ante
726 3995 836 4048 omnia
860 3985 1058 4045 constantia
1083 3981 1150 4035 tibi
1175 3986 1207 4032 et

193 4088 394 4157 pertinacia
417 4109 516 4164 opus,
543 4112 608 4162 qua
631 4096 734 4148 etiam
759 4090 941 4147 durissima
965 4090 1139 4157 postremo
1157 4097 1208 4136 au-

193 4168 373 4259 pedantor.
409 4194 482 4249 Non
499 4195 610 4263 igitur
627 4196 779 4250 abaiatea
798 4191 979 4249 molestiae
997 4184 1132 4250 taedio,
1149 4183 1207 4236 aed
