3009 4725
453 371 565 439 LIBR.
587 374 628 437 ΙΙ.
671 372 795 437 ELEG.
817 373 873 437 ΙΙΙ.
1116 381 1178 437 255

155 573 184 620 et
200 564 365 619 Husannus
384 553 418 605 ad
436 549 463 603 lr.
481 551 498 602 1.
514 576 550 587 -
570 546 627 600 lam
645 544 811 597 tristibus
829 542 902 598 vides
919 558 969 596 non
989 558 1047 595 esse
1063 541 1181 613 ingratis

155 663 279 726 amatori,
305 664 336 710 ut
361 669 421 707 cunr
446 651 554 705 Vuuruo
579 646 712 699 Herulus
739 651 845 710 censet,
869 643 916 698 sed
942 644 975 697 ad
994 645 1179 698 obscuritatem

155 765 267 818 maleae
285 759 355 810 vilae
374 752 513 822 pertinere.
533 772 568 788 -
596 760 662 797 non
689 744 778 796 lauti
803 749 883 796 sunt
900 748 959 796 lua
975 751 1101 810 musta,
1124 746 1180 798 scil.

157 870 186 915 ut
203 863 324 913 venustas
343 858 370 905 et
389 851 473 918 gloria
501 845 645 916 puellarum
663 848 771 912 propter
795 857 827 894 ea
845 842 981 896 delitescat
998 850 1026 896 et
1044 849 1135 912 pereat
1154 845 1180 895 ia

156 965 235 1031 agris.
253 988 288 999 -
319 961 436 1027 pater,
463 951 598 1004 notissimo
625 962 688 1010 usu,
717 941 760 996 hic
784 959 846 996 vero
873 944 989 997 additum
1016 951 1046 998 ut
1071 946 1181 997 leniatur

158 1064 300 1134 paullulum
319 1057 413 1112 duritie
431 1052 570 1105 verborum
588 1045 804 1101 antecedentium.
819 1073 854 1085 -
872 1047 906 1101 V.
924 1053 966 1101 tii.
978 1064 1034 1115 sqq.
1053 1065 1092 1102 ue
1110 1050 1182 1102 siut

158 1161 269 1224 modo,
297 1156 321 1210 h.
346 1157 364 1209 1.
389 1154 456 1206 malo
483 1150 569 1202 valere
596 1145 703 1211 fruges,
734 1158 812 1210 quam
842 1160 900 1197 esse
927 1162 987 1200 rure
1012 1149 1120 1217 puellas.
1145 1176 1180 1189 -

158 1263 275 1331 prisco
294 1268 398 1317 more,
423 1262 502 1303 sensu
520 1244 586 1298 haec
604 1242 682 1296 verba
700 1241 779 1293 etiam
797 1240 830 1292 ad
849 1243 920 1309 prius
938 1245 1080 1298 membrum
1100 1247 1181 1315 perti-

157 1366 228 1425 nent,
247 1356 334 1426 posuit
351 1359 436 1405 tamen
458 1343 618 1400 insecundo
637 1356 668 1393 ea
687 1338 800 1405 demum,
820 1341 901 1392 veluti
921 1340 956 1406 11,
975 1346 1002 1407 5,
1021 1346 1065 1395 54.
1083 1345 1181 1399 lactum

159 1467 186 1513 et
210 1459 275 1511 alias
299 1451 466 1522 saepissime,
493 1446 526 1500 de
555 1459 608 1512 quo
632 1441 728 1508 ubique
758 1455 861 1493 moneo.
882 1468 913 1480 -
949 1445 1093 1511 passim,
1118 1461 1183 1513 pro-

159 1560 265 1611 miscue.
300 1554 418 1606 Pcrums
443 1545 566 1600 laudante
591 1538 894 1605 Bravoniacum
921 1541 1100 1594 Garamantes
1124 1558 1183 1592 ma-

160 1654 344 1709 trimoniorum
360 1656 479 1701 exsortes
493 1641 597 1713 passim
614 1656 674 1689 cum
687 1635 801 1709 seminis
815 1635 925 1709 degant.
962 1638 1042 1692 Addit
1058 1641 1182 1694 Vuppwg

161 1756 238 1811 ovid.
258 1756 314 1808 lrt.
334 1754 391 1804 Am.
408 1748 431 1812 Ι,
449 1748 499 1798 44:
526 1743 600 1794 Dum
624 1737 687 1789 lieet
706 1744 738 1794 ar,
758 1734 822 1787 loris
839 1735 942 1804 passim
955 1747 1033 1806 polea
1051 1737 1090 1789 s're
1107 1739 1182 1791 aolu-

160 1860 214 1921 tia‚
231 1853 310 1925 Elige
328 1848 373 1902 cui
391 1847 481 1903 dicas,
500 1853 531 1895 ta
550 1839 618 1895 miti
634 1837 694 1892 sola
710 1836 811 1908 places.
823 1864 860 1876 -
878 1838 911 1891 V.
929 1843 963 1894 'll
983 1855 1040 1905 sqq.
1069 1838 1183 1907 adspi-

162 1956 279 2020 rabat,
306 1950 435 2021 propitius
460 1951 530 2009 erat,
557 1937 857 2005 ctad11,1,so.-
885 1943 1020 2005 aperte,
1046 1936 1095 1989 sub
1113 1937 1183 2005 divo,

161 2075 221 2112 curn
244 2070 296 2109 nou
320 2051 402 2119 turpis
426 2051 497 2100 esset
522 2058 565 2096 res
589 2042 617 2094 iu
639 2041 691 2093 ista
711 2036 878 2106 simplicitate
902 2036 1034 2104 temporis.
1079 2035 1183 2090 Adiecit

161 2166 247 2210 tamen
267 2152 400 2206 Tibullus:
429 2149 460 2199 in
484 2145 644 2197 umbrosa
670 2140 777 2204 valle,
796 2136 866 2205 quod
884 2137 937 2188 noli
957 2137 1106 2204 negligere,
1123 2154 1181 2190 mo-

161 2263 239 2313 ueuts
256 2256 335 2309 etiam
354 2251 508 2303 llasauuso.
525 2271 562 2283 -
590 2243 620 2296 Μ
630 2243 707 2306 itis,
732 2256 785 2293 uon
802 2254 895 2307 aspera
912 2243 942 2290 ut
959 2254 1026 2290 nunc
1042 2255 1129 2307 saepe.
1147 2265 1183 2276 -

161 2364 191 2415 si
208 2360 259 2413 las
277 2364 345 2422 est,
364 2354 431 2407 bene
449 2357 477 2403 et
493 2349 626 2417 sapienter
644 2344 759 2398 additum
774 2344 800 2395 in
819 2343 864 2396 tali
881 2348 951 2395 voto.
964 2371 997 2382 -
1017 2342 1082 2396 Mox
1102 2341 1184 2396 Hor-

162 2459 237 2512 rida
255 2468 401 2521 corpora
417 2454 479 2502 sunt
496 2448 606 2507 inculta,
624 2443 707 2508 hirta,
725 2449 755 2494 ut
773 2442 857 2495 Ovru.
872 2442 938 2495 Met
955 2442 977 2508 1,
995 2445 1059 2496 514.
1076 2459 1184 2512 compa-

163 2555 373 2610 anteimus:
394 2565 447 2599 nan
465 2544 509 2594 lic
526 2553 650 2594 armenta
665 2556 791 2613 grege-sve
807 2539 933 2591 horridus
948 2538 1063 2597 observo,
1082 2536 1186 2609 αὐχμη-

165 2653 218 2729 ρός.
254 2654 323 2706 Tum
350 2649 478 2702 villosa
504 2651 600 2697 veste
624 2643 649 2696 lr.
668 2660 692 2696 e,
720 2642 847 2710 pellibus,
874 2647 905 2691 ut
922 2656 980 2692 mos
998 2644 1139 2707 agrestium
1158 2650 1185 2697 el

161 2755 335 2811 silvicolamm
360 2748 488 2801 hominum
514 2750 563 2797 est
601 2743 681 2795 Vides
706 2740 854 2807 squalorem
877 2740 987 2805 agrestis
1012 2741 1081 2791 ritae
1105 2756 1184 2807 prae-

162 2859 256 2912 ierria
276 2860 368 2925 poeta,
386 2850 430 2903 ubi
448 2862 536 2900 amore
555 2846 670 2909 fruatur,
692 2842 793 2896 ornatui
811 2839 936 2893 hodierno
955 2840 1064 2892 vestium
1085 2839 1184 2891 delica-

163 2967 256 3024 tarum,
272 2956 294 3007 si
307 2955 394 3007 clausa
410 2952 495 3020 puella
512 2950 555 3013 sit,
573 2954 603 2999 ut
616 2961 684 2997 nuuc
701 2945 764 2996 villa
780 2942 1006 2995 istinsamatoris.
1018 2968 1054 2979 -
1072 2940 1185 2994 laxam

163 3067 295 3126 togam,
312 3056 394 3122 qualis
412 3053 599 3113 delicatorum,
615 3046 726 3099 vidimus
743 3044 765 3110 1,
784 3049 810 3110 6,
827 3048 871 3096 40.
890 3069 924 3080 -

236 3156 270 3210 V.
293 3159 338 3207 79.
362 3158 407 3206 80.
447 3151 580 3203 Exitus.
624 3145 718 3199 Valeat
744 3144 825 3210 igitur
851 3140 996 3208 elegantior
1023 3138 1090 3200 vita3
1125 3136 1185 3188 iiam

164 3271 255 3310 scarus
274 3261 301 3307 et
325 3257 351 3307 in
376 3246 495 3307 dominae
515 3250 586 3317 agris
604 3247 637 3300 ad
661 3246 798 3315 imperium
823 3243 879 3296 eius
905 3257 970 3310 opus
996 3237 1120 3292 rusticum
1144 3236 1187 3289 ia-

164 3360 241 3423 clam‚
259 3362 289 3408 ut
305 3356 344 3408 sic
360 3353 489 3407 interdum
506 3352 597 3403 saltem
616 3347 667 3401 irui
687 3345 814 3413 adspectu
833 3342 889 3395 eius
907 3342 994 3394 liceat.
1029 3337 1103 3402 Ergo
1121 3337 1187 3389 Du-

163 3462 234 3515 cite
260 3464 314 3511 est:
340 3454 461 3508 abducite
486 3454 514 3505 iu
530 3451 679 3513 servitium,
705 3460 783 3512 quaem
802 3458 876 3495 nsum
893 3441 965 3493 uerbi
985 3440 1108 3494 Vannius
1125 3438 1187 3491 illu-

163 3569 238 3615 strat.
280 3558 306 3612 N
313 3573 353 3610 ou
381 3571 431 3609 me
458 3567 546 3620 nego
569 3555 619 3602 etc.
646 3552 700 3598 est:
732 3559 784 3596 uon
814 3555 915 3595 recuso.
959 3540 1055 3593 Rarior
1079 3538 1186 3592 locutio.

163 3660 279 3711 vinela
300 3673 363 3710 vero
388 3653 529 3725 compedes
552 3656 627 3714 sunt,
651 3650 773 3701 mouente
797 3643 965 3697 Scsnresno·
1002 3641 1094 3695 Faciet
1120 3654 1187 3707 opas

168 3755 362 3818 salaminiis,
388 3757 493 3822 quoties
517 3753 577 3806 talis
602 3752 628 3804 ei
653 3762 739 3819 poena
764 3743 924 3798 decernetur.
961 3745 1098 3797 Postremo
1116 3738 1188 3789 rides

167 3852 254 3905 redire
270 3858 374 3918 poetam
389 3852 423 3903 ad
448 3853 584 3907 exordium
601 3856 630 3903 et
647 3854 768 3917 repetere
786 3843 857 3911 quod
874 3843 908 3893 ibi
927 3842 1040 3893 dictam:
1071 3841 1189 3906 paratum

168 3965 198 4004 se
214 3963 273 4001 essa
291 3948 390 4001 servire
408 3951 477 4019 apud
495 3950 638 4014 dominam,
655 3953 734 4014 atque
750 3946 831 3998 etiam
850 3941 915 3995 dura
932 3940 995 4008 pati.

508 4136 849 4170 ...Φ-
