3009 4725
302 372 351 443 72
578 366 764 440 'slBULLl
796 367 881 439 LlB.
902 368 959 438 Ill.
981 380 1007 437 5.
1027 383 1053 438 6.

338 550 492 626 Natalem
516 550 628 651 primo
656 570 811 627 nostrum
837 552 952 627 videre
978 571 1152 654 parentes,

395 680 481 753 Cum
508 677 631 753 cecidit
657 679 728 755 lato
755 678 875 754 consul
901 698 1042 782 uterque
1068 683 1153 782 pari.

340 806 436 904 Quid
462 806 623 881 fraudare
650 808 741 881 iuvat
769 809 868 882 vitent
895 810 1122 884 crescentibus
1143 811 1217 883 uris

298 952 336 1007 20
394 936 437 1009 Et
460 936 565 1010 modo
587 954 666 1011 nata
694 936 783 1011 mala
809 937 929 1011 vellere
956 966 1057 1037 poma
1084 940 1213 1013 manu?

338 1065 491 1155 Parcite,
523 1064 688 1167 pallentes
715 1067 827 1140 undas
849 1066 1046 1166 quicunque
1072 1068 1192 1141 tenetis

391 1195 555 1295 Duraque
581 1194 691 1268 sortiti
713 1194 810 1268 tertia
834 1222 940 1292 regna
967 1194 1032 1268 dei.

339 1320 473 1426 Elysios
499 1320 580 1395 olim
605 1320 704 1397 liceat
729 1351 935 1421 cognoscere
956 1352 1095 1425 campos

390 1449 641 1552 Lethaeamque
667 1469 773 1525 ratem
800 1452 1068 1553 Cimmeriosque
1092 1452 1206 1542 lacus,

299 1581 433 1653 &Cum
457 1607 530 1653 ntea
558 1607 685 1679 rugosa
709 1578 886 1680 pallebunt
912 1608 973 1656 ora
999 1598 1134 1655 senecta

389 1709 432 1784 Et
455 1710 600 1784 reseram
626 1710 741 1811 pueris
769 1687 923 1813 tempora
948 1712 1062 1812 prisca
1088 1738 1200 1785 senex.

339 1839 451 1940 Atque
476 1839 608 1913 utinam
634 1867 722 1913 vano
748 1842 980 1942 nequicquam
1006 1859 1134 1916 terrear
1158 1844 1270 1916 aestu!

389 1970 571 2066 Languent
595 1986 647 2041 ter
672 1969 798 2071 quinos
824 1968 887 2044 sed
908 1999 983 2044 mea
1007 1971 1160 2044 membra
1186 1970 1267 2042 dies.

337 2098 384 2171 At
409 2098 506 2171 vobis
531 2099 664 2172 Tuscae
688 2097 904 2174 celebrantur
925 2099 1067 2172 numina
1090 2097 1250 2201 lymphae

299 2242 337 2298 30
396 2225 441 2299 Et
465 2224 573 2301 facilis
600 2225 690 2301 lcnta
716 2227 854 2328 pellitur
877 2225 971 2298 unda
996 2251 1109 2297 manu.

338 2355 448 2432 Viuite
475 2354 606 2449 felices,
640 2384 806 2432 memores
833 2372 865 2427 et
889 2352 986 2426 vivite
1012 2351 1142 2442 nostri,

391 2486 468 2560 Sive
495 2487 621 2562 erimus
647 2514 707 2560 seu
731 2513 795 2558 nos
818 2482 887 2556 sata
912 2481 1017 2556 luisse
1044 2480 1155 2556 velint.

339 2617 471 2688 interea
497 2615 614 2715 nigras
640 2613 790 2716 pecudes
816 2611 1001 2715 promittite
1026 2612 1099 2685 Diti

391 2742 436 2816 Et
458 2745 547 2819 nivei
573 2744 669 2822 lactis
696 2743 819 2847 pocula
845 2744 949 2817 mixta
972 2768 1077 2816 mero.

631 3127 889 3191 ELEGIA
936 3126 994 3189 Vl.

339 3249 512 3391 Candide
535 3314 657 3403 Liber,
689 3313 771 3387 ades
796 3313 861 3410 (sic
888 3313 932 3387 sit
958 3312 1018 3387 tibi
1040 3311 1181 3416 mystica
1203 3313 1278 3386 vitis

397 3450 555 3550 Semper,
588 3445 636 3520 sic
661 3444 788 3518 hedera
816 3460 968 3543 tempora
991 3442 1099 3513 vincta
1124 3441 1256 3536 geras),

374 3713 464 3767 VM.
489 3714 596 3780 primo
621 3718 785 3767 noatrnnr.
827 3712 878 3764 Atta
903 3706 997 3762 nostri.
1041 3706 1130 3773 Vulgo
1154 3703 1241 3757 nostri
1262 3702 1321 3776 pri·

304 3827 374 3861 mum
393 3826 427 3863 ex
446 3810 518 3863 tibris
536 3812 625 3878 paucis
643 3826 691 3864 nec
709 3811 797 3875 bonis,
822 3810 859 3862 ait
877 3808 1078 3861 Licinnianus.

375 3931 405 3983 V.
417 3935 461 3984 ³2.
486 3927 575 3982 volent
595 3929 674 3997 vulgo
694 3944 728 3984 ex
748 3944 808 3984 nno.

374 4050 443 4100 tua.
468 4065 569 4116 geras
593 4048 672 4101 luam
696 4053 775 4102 recte.
821 4049 1013 4103 Lacuuaunus
1038 4062 1098 4100 cum
1122 4044 1195 4099 tibris
1213 4042 1304 4115 feras.
