3009 4725
556 397 746 465 TlBULLl.
1074 427 1156 472 catu

132 547 219 642 sats
238 575 316 642 tara.
340 596 372 638 v.
399 574 450 636 tt.
472 584 503 636 a
523 572 563 653 11,
577 572 608 651 a,
629 577 659 636 a
681 585 712 636 u
733 572 756 648 ι,
781 580 810 650 a,
836 579 885 637 tt.
902 582 952 639 12.
994 576 1095 658 rugo
1115 576 1154 660 aa

133 693 201 756 alia.
221 724 265 739 —-
316 688 512 773 Epoudepsris
538 685 634 750 totius
669 690 841 750 sentcntiae
862 709 989 771 gravem
1009 691 1156 754 Tibullus

133 806 225 870 babet
244 804 270 882 Ι,
293 809 323 881 3,
345 804 377 862 4.
401 806 440 862 5:

266 916 432 978 Abstineas
455 910 579 987 avidas,
605 911 696 976 Mors
717 933 833 995 precor
853 925 937 992 atra,
966 933 1088 980 manus.

219 1029 403 1106 Abstineas,
424 1028 515 1092 Mors
533 1040 617 1106 atra,
650 1047 781 1110 precor,

135 1140 191 1202 ubi
212 1140 247 1201 in
268 1140 487 1222 Explicatione·
503 1140 597 1203 etiam
619 1141 681 1203 alia
702 1138 900 1204 adduximus.
943 1139 1073 1203 Referas
1094 1143 1156 1203 huc

136 1252 228 1313 etiam
251 1253 323 1314 talia
343 1253 367 1331 l,
391 1259 418 1331 1,
438 1259 492 1316 23.
519 1256 575 1332 Ν,
601 1261 630 1332 5,
654 1261 682 1315 7.
730 1254 834 1317 Habet
854 1254 930 1316 haec
950 1252 1050 1333 figura
1073 1251 1157 1336 apud

134 1367 296 1428 Tibullum
320 1368 413 1429 simul
439 1369 526 1430 hunc
555 1388 663 1445 usum,
689 1378 727 1428 ut
754 1368 901 1429 transitus
929 1346 969 1431 ad
996 1371 1157 1451 sequentia

133 1484 300 1558 muniatur,
321 1482 355 1543 in
373 1501 468 1563 quam
488 1501 558 1542 rem
579 1479 663 1543 coni.
674 1480 700 1556 Ι,
717 1486 745 1557 1,
757 1485 809 1542 63.
851 1477 945 1556 Quod
962 1502 1059 1563 porro
1082 1494 1158 1545 nota

134 1594 226 1653 etiam
251 1594 296 1655 ita
323 1593 409 1669 fieri,
443 1607 480 1657 ut
507 1606 581 1677 post
608 1594 709 1655 maius
739 1592 938 1660 intervallum
970 1593 1009 1656 ad
1039 1616 1157 1659 novum

132 1706 239 1767 locum
270 1704 535 1770 introducendum
564 1701 726 1789 repetatur
755 1709 821 1772 sive
851 1706 962 1771 iisdem
992 1710 1057 1772 sive
1122 1711 1141 1727 '¹

133 1819 242 1883 verbis
275 1822 418 1900 superior
449 1806 618 1900 sententia,
654 1833 690 1883 ut
717 1821 748 1897 1,
772 1827 811 1899 6,
834 1828 887 1884 37.
918 1824 988 1884 coll.
1009 1844 1039 1885 v.
1052 1830 1104 1885 23.
1127 1835 1159 1885 et

136 1934 162 2010 i,
186 1937 237 2009 to,
261 1937 315 1994 25.
343 1933 414 1995 coll.
434 1954 465 1994 v.
479 1938 530 1994 15.
577 1935 681 2016 Atque
704 1933 795 1996 etiam
819 1934 973 1996 clauditur
993 1935 1047 1996 tali
1067 1937 1159 2017 rep's·

133 2045 246 2107 titione
268 2044 432 2107 commode
450 2049 538 2108 locus
561 2046 764 2123 antecedens,
786 2043 861 2107 dum
882 2058 1089 2127 praeparatur
1111 2067 1159 2109 se·

136 2179 252 2241 quens7
279 2173 314 2221 ut
335 2160 360 2237 l,
377 2166 406 2238 3,
421 2163 472 2223 51.
489 2167 540 2223 52.
562 2179 626 2243 quo
648 2158 780 2222 disticho
801 2161 956 2241 repetitur
975 2171 1084 2223 votum
1106 2180 1158 2221 su·

137 2275 239 2353 petius
263 2297 295 2337 v.
312 2280 364 2336 33.
390 2276 460 2352 34.,
491 2287 522 2335 et
545 2275 586 2353 Π,
602 2277 632 2351 4,
653 2280 705 2335 20.
728 2277 800 2338 coll.
821 2297 852 2339 v.
868 2279 919 2338 15.
941 2271 1017 2338 ibid.
1038 2286 1068 2370 et
1085 2275 1110 2351 l,
1129 2281 1158 2354 5,

139 2392 189 2451 17.
234 2387 325 2451 Adde
347 2390 372 2467 1,
393 2396 425 2465 2,
447 2394 501 2452 23.
523 2392 577 2449 24.
607 2389 662 2451 ubi
692 2389 878 2471 anrplificata
906 2389 1056 2453 sententia
1078 2388 1161 2451 redit

139 2499 181 2561 ad
201 2500 324 2563 initium
345 2503 407 2564 loci
435 2524 465 2565 v.
480 2507 530 2564 16.
571 2500 656 2563 Nam
675 2502 877 2583 repetitiones
894 2504 954 2565 hae
975 2514 1028 2564 aut
1048 2500 1158 2563 iisdem

136 2613 246 2676 verbis
269 2615 364 2694 fiunt,
386 2628 441 2676 aut
461 2614 517 2676 ubi
539 2615 621 2692 aliis,
644 2616 695 2679 vel
716 2616 877 2678 breviores
895 2628 982 2693 sunt,
1004 2618 1054 2678 vel
1073 2613 1160 2697 quod

134 2730 327 2810 plerumque
350 2730 467 2808 aptius,
494 2729 677 2810 ampliores,
707 2741 801 2810 atque
821 2728 881 2788 hoc
901 2730 1044 2789 ultimum
1067 2730 1159 2790 etiam

136 2841 176 2906 ad
199 2840 377 2903 Pindarum
399 2841 504 2903 notavi
520 2840 704 2918 Nemvlll,
727 2844 779 2904 34.
830 2838 934 2923 Atque
955 2841 1031 2901 haec
1054 2842 1161 2902 baete·

135 2975 206 3016 nus.
226 2990 272 3004 -
314 2956 483 3037 Postquam
506 2953 544 3015 de
570 2953 748 3035 potioribus
773 2948 968 3035 repetitionis
996 2950 1161 3014 schematis

137 3065 220 3148 apud
250 3067 412 3129 Tibullum
437 3065 518 3145 dixi,
546 3077 643 3128 restat
663 3081 698 3129 ut
718 3073 834 3130 rariora
847 3061 1001 3148 quaedam
1022 3065 1163 3129 afferam.

139 3178 218 3240 Cum
240 3179 310 3241 linis
325 3162 542 3242 *antecedentis
565 3181 739 3242 sententiae
768 3182 800 3243 in
822 3178 913 3240 initio
935 3178 1092 3261 sequentis
1112 3199 1164 3241 re·

137 3295 273 3373 petitur,
305 3294 494 3376 dendrophori
528 3306 559 3356 et
580 3296 805 3378 spanomoplscu
833 3292 941 3355 dicunt
963 3304 1101 3374 veteres,
1128 3308 1165 3357 ut

139 3405 258 3481 Tibi,
281 3411 310 3483 1,
335 3408 397 3469 452

223 3519 327 3581 Parva
347 3539 431 3599 seges
452 3520 527 3583 satis
549 3534 612 3598 est,
641 3519 715 3581 satis
737 3530 798 3593 est,
826 3518 1021 3601 requiescere
1041 3520 1122 3583 lecto

265 3629 301 3692 Si
321 3631 404 3694 licet.

139 3741 228 3804 Adde
247 3743 293 3822 11,
318 3750 349 3821 5,
375 3750 455 3826 1173
482 3742 568 3828 quod
591 3744 716 3806 schema
738 3741 822 3825 apud
839 3753 949 3823 poetas
968 3742 1165 3824 frequentius
1256 3792 1260 3802 .

138 3873 205 3916 esse
233 3874 328 3938 quam
358 3855 395 3916 in
422 3876 518 3937 prosa
551 3859 695 3919 oratioue
725 3864 919 3918 annotarunt
944 3855 1008 3915 iam
1034 3865 1167 3915 veteres·

136 3966 175 4027 In
194 3968 281 4030 Albii
309 3980 414 4031 tamen
438 3969 627 4034 carminibus
657 3988 729 4031 rara
757 3988 826 4047 res,
860 3964 948 4050 quod
970 3983 1043 4026 casu
1063 3966 1167 4045 potuit

135 4079 255 4143 iactum
288 4100 368 4143 csse.
431 4080 528 4158 Quod
562 4100 639 4146 vero
671 4084 765 4144 ctiam
803 4090 987 4161 usurpatam
1023 4076 1058 4138 in
1092 4098 1167 4141 con-

1241 3736 1259 3769 Ο
