3009 4725
320 434 404 476 ιω
729 413 787 475 Dli
811 411 931 480 roos}

318 575 448 660 quidem
479 599 520 641 ex
552 596 646 642 senen
678 579 740 642 loci
773 580 926 664 cedesque
958 577 1144 664 explicanda
1176 601 1243 645 esse
1274 583 1342 663 ipsa

317 687 457 755 definitio
483 691 585 773 posita
608 690 716 771 docet,
751 714 787 756 sc
815 694 952 774 pertinet
982 694 1045 756 huc
1069 696 1162 757 etiam
1186 696 1342 776 prolepsis

316 803 477 867 notissima
499 802 735 869 adiectivorum.
777 807 922 870 Alterum
943 827 1019 873 vero
1036 828 1135 889 genus
1153 808 1247 887 vulgo
1269 807 1340 868 ubi·

316 936 378 999 quc
399 917 441 978 ita
459 918 536 998 poni
553 916 701 997 credunt,
722 932 757 982 ut
773 921 891 983 nnllam
907 920 971 987 rim
988 920 1195 984 incontentia
1213 920 1339 984 habest.

314 1025 366 1091 Sic
394 1029 538 1114 Heynius
565 1029 606 1096 ad
634 1032 682 1112 11,
708 1038 745 1110 6,
767 1040 798 1095 8.
826 1033 953 1098 scribit:
992 1033 1165 1113 „Debebat
1193 1033 1337 1095 Bronck·

312 1140 423 1205 husius
444 1157 592 1226 reputare
610 1165 704 1227 saepe
725 1143 799 1210 addi
819 1147 1002 1211 nominibus
1022 1146 1176 1229 epitheta,
1197 1166 1280 1230 quae
1297 1145 1336 1208 iis

311 1257 443 1339 propria
463 1270 493 1319 et
514 1270 683 1341 perpetua,
704 1279 897 1344 quamquam
918 1281 986 1324 non
1008 1258 1088 1324 adeo
1109 1279 1251 1342 magnam
1270 1259 1334 1322 rior

311 1367 346 1429 in
368 1390 406 1431 co
427 1371 549 1452 positu,
576 1393 671 1456 quem
692 1383 864 1455 occupent,
890 1375 1057 1437 habeant?
1104 1374 1143 1436 In
1165 1390 1230 1454 qno
1253 1373 1334 1433 male

311 1481 419 1564 epicus
444 1504 519 1546 usus
541 1486 728 1548 transfertur
749 1483 791 1576 ad
812 1483 899 1548 aliud
920 1505 1019 1566 genna
1040 1504 1181 1567 poeacos.
1222 1482 1333 1545 Enim·

310 1613 388 1656 vero
409 1594 546 1677 epitheto
565 1597 642 1660 haec
662 1609 817 1681 perpetua
839 1617 996 1681 nusquam
1016 1598 1051 1659 in
1072 1596 1122 1659 hie
1141 1594 1331 1661 carminibus

310 1704 411 1768 otiosa
436 1719 511 1769 sunt
538 1720 569 1772 et
594 1710 662 1773 sins
690 1710 724 1776 ri
753 1711 809 1775 ubi
836 1713 1000 1791 leguntur,
1031 1707 1120 1794 quod
1145 1729 1204 1790 per
1230 1719 1332 1772 totum

228 1888 233 1899 ‚
309 1818 471 1883 Tibullum
492 1820 625 1886 ostendi.
666 1825 757 1887 Male⁴
773 1822 868 1906 igitur
891 1837 956 1888 ntro
976 1829 1079 1887 viscere
1103 1824 1137 1895 1,
1159 1829 1198 1899 3,
1220 1828 1272 1886 76.
1292 1820 1333 1884 de

308 1929 473 2011 nigrioanti
499 1936 605 1999 colore
631 1936 744 2001 iecoris
776 1959 817 2001 ex
844 1949 960 2001 natura
989 1937 1160 2020 recipitur,
1193 1947 1226 1998 et
1252 1936 1331 1998 duro

300 2044 382 2127 salec
403 2050 436 2128 1,
459 2058 489 2129 7,
511 2051 563 2112 34.
585 2071 627 2113 ex
648 2050 753 2133 rigore
775 2054 852 2116 ferri
875 2052 1069 2137 explicatur,
1097 2071 1179 2134 quae
1202 2049 1328 2112 inutiles

306 2162 401 2241 piane
425 2161 569 2228 notiones
597 2163 630 2225 in
658 2166 707 2227 his
733 2167 829 2245 locis,
858 2186 931 2228 cunr
951 2183 1046 2230 vertis
1067 2179 1177 2225 sensus
1200 2170 1328 2241 apertus

305 2274 356 2339 sit.
397 2277 433 2338 ln
455 2277 561 2359 priore
582 2280 652 2343 loco
674 2278 713 2342 de
735 2282 809 2344 tabo
830 2289 900 2344 stro
925 2275 1010 2341 ndcsi
1030 2273 1143 2337 iecoris
1164 2273 1327 2354 cogitator,

304 2388 340 2450 in
363 2392 537 2471 posteriora
557 2393 623 2456 falx
645 2390 726 2457 dure
749 2405 814 2456 estc
840 2412 921 2476 quse
942 2410 1008 2454 non
1030 2388 1133 2472 pascit
1148 2385 1327 2452 frondibus.

305 2500 370 2567 sed
397 2526 553 2588 ponamus
580 2508 652 2570 alis.
703 2507 756 2569 stc
783 2508 817 2585 1,
838 2515 873 2585 7,
896 2512 948 2570 62.
973 2516 1058 2570 recte
1087 2505 1203 2585 legitur
1229 2504 1328 2566 mdia

303 2628 382 2680 serto
406 2618 440 2680 ia
462 2621 615 2683 laetarum
637 2638 743 2705 rerum
769 2616 998 2704 descriptione,
1027 2628 1140 2683 contra
1163 2617 1210 2697 11,
1234 2621 1270 2695 1,
1293 2623 1327 2680 6.

294 2732 395 2814 stom
415 2744 493 2795 rasa
516 2745 653 2816 praestat
679 2735 874 2798 contestas
898 2733 1024 2797 bibims
1046 2729 1237 2813 designetur.
1282 2729 1327 2793 As

302 2841 335 2920 1,
360 2848 399 2922 o,
422 2844 477 2908 fin.
502 2853 632 2910 „eam
660 2859 739 2911 sana
770 2859 801 2909 at
823 2847 920 2930 fimo
950 2848 1018 2909 teta
1049 2842 1325 2927 dieuntn'ipaias

302 2972 464 3023 accuratae
493 2957 711 3045 descriptionis
740 2980 853 3038 cauas,
894 2979 976 3043 quae
1005 2958 1051 3023 ibi
1082 2979 1229 3041 magnum
1258 2978 1325 3023 ser·

301 3078 442 3136 menium
460 3073 572 3153 habat,
594 3084 631 3137 ut
650 3075 680 3152 Ι,
701 3075 738 3152 4,
760 3079 792 3136 8.
816 3092 907 3135 curvo
923 3070 1012 3154 fain,
1035 3092 1107 3135 cum
1127 3070 1260 3154 Priapus
1282 3090 1324 3133 ex

301 3186 414 3249 habitu
431 3188 565 3251 solenni
585 3186 768 3268 designetur
785 3198 818 3250 et
833 3182 990 3267 designari
1008 3185 1056 3248 itsi
1074 3183 1197 3248 debent.
1237 3182 1323 3245 Vos·

301 3297 367 3361 sius
395 3301 476 3363 male
504 3314 536 3366 at
566 3299 716 3364 audacter
746 3305 871 3363 monte
894 3299 1019 3378 intulit,
1057 3297 1146 3383 qnod
1174 3295 1323 3359 alienum.

300 3410 369 3478 Nec
389 3416 428 3493 Π,
446 3420 480 3491 5,
496 3421 548 3478 96.
566 3418 631 3478 isvis
649 3416 754 3478 maora
770 3414 980 3479 mobilistesss
999 3416 1119 3495 po'tast,
1143 3421 1179 3474 ut
1192 3406 1322 3492 lieynio

300 3523 435 3608 placui,
456 3523 511 3591 sed
531 3540 578 3591 ert
599 3526 693 3592 credo
715 3549 783 3591 non
803 3526 897 3590 nimis
918 3525 1027 3589 densa.
1068 3523 1113 3587 Ut
1133 3518 1220 3586 aliud
1241 3520 1321 3583 sffe-

299 3659 386 3720 ram,
418 3661 513 3705 versu
539 3642 572 3719 1,
593 3648 631 3719 8,
653 3642 860 3706 86.·deducct
885 3643 969 3722 piato
994 3642 1120 3702 domito
1146 3637 1232 3713 boso
1260 3635 1322 3697 wb

298 3750 488 3819 describitur
506 3750 662 3817 industris
681 3755 835 3832 mulieris,
861 3753 998 3817 isnrineo
1018 3768 1115 3832 opere
1134 3748 1179 3812 sic
1198 3759 1233 3810 nr
1250 3745 1322 3810 fieri

298 3862 392 3929 debat
412 3878 598 3948 occupatae3
620 3880 667 3931 est
687 3867 783 3949 igitur
803 3866 897 3949 plana
914 3869 1002 3930 colae
1024 3876 1058 3928 et
1074 3861 1210 3927 scamna
1226 3861 1322 3941 longa

298 3977 458 4042 docuntur
485 3977 607 4043 sedulo.
662 3980 860 4044 Luccdentns
887 3983 977 4044 loc'ns
1005 3990 1054 4041 est
1085 3979 1121 4038 in
1149 3977 1213 4039 fine
1241 3975 1321 4054 eleg.

296 4091 342 4171 11,
366 4097 400 4168 t,
422 4094 478 4155 ubi
499 4091 603 4156 denuo
627 4113 699 4156 com
720 4096 880 4175 voluptate
902 4110 1084 4171 cognoscas,
1104 4091 1132 4152 si
1151 4085 1322 4150 Commen-
