3009 4725
476 292 587 359 LIBR.
609 293 665 359 111.
708 293 829 360 ELEG.
849 295 907 359 Ν.
1132 308 1194 368 300

171 473 332 534 ammom,
360 464 507 535 oppositum
535 463 633 517 leviletl
660 462 794 531 Neaerae,
819 479 887 532 queo
912 479 965 521 uon
998 465 1081 525 idelis
1107 470 1192 526 meret

171 570 274 624 amenti.
310 566 435 619 Fortasse
453 564 568 632 pertinet
592 562 685 614 eodem
708 563 782 616 lauro
806 578 900 632 supra,
921 580 972 632 qun
992 567 1127 623 redimitus
1143 587 1192 625 ve-
1251 635 1257 644 Ι

170 669 209 720 nit
227 666 338 734 Apollo,
355 663 445 716 dutum
463 658 596 729 epitheton
614 667 711 719 casra5
738 665 825 712 cestus
842 660 907 714 dens
924 668 994 717 amnt
1011 671 1109 719 cnstm
1126 683 1193 736 poe-
1243 663 1248 674 '

171 772 238 829 um,
265 779 318 815 non
334 761 425 814 laudnt
446 760 550 812 infidum
573 757 711 810 Neaeram.
757 758 795 811 tlt
813 757 924 828 deniqne
942 762 976 816 de
996 766 1075 818 totins
1092 765 1194 823 disticlol

171 862 280 915 consilio
302 876 437 925 mensem,
464 862 572 927 propter
595 855 724 910 Neaeram
748 857 786 912 ite
809 862 928 930 scripsit,
954 870 986 920 ut
1000 867 1067 920 scint
1089 869 1116 922 in
1140 883 1194 937 quo

172 958 270 1013 honoro
293 961 329 1011 sit
351 965 443 1013 unctor
466 956 537 1026 npnd
562 956 634 1009 deos.
654 983 689 997 -
717 959 751 1011 V.
771 962 806 1013 40
823 976 881 1028 sqq·
915 961 991 1016 Heec
1008 965 1194 1042 demonstratio

173 1075 225 1113 uon
248 1059 335 1113 ieiuno
361 1066 403 1112 est
426 1063 526 1111 tuntum
551 1056 598 1109 sed
625 1057 702 1109 etiem
728 1056 832 1126 inepta,
859 1064 890 1112 ut
911 1069 1028 1116 notatum
1054 1065 1124 1120 ente
1137 1083 1193 1123 uos.
1278 1047 1281 1053 ”

175 1157 246 1213 Quid
273 1159 341 1211 enim
367 1158 443 1211 vnltl
478 1159 560 1211 Suam
583 1157 738 1210 vaticinandi
766 1157 887 1212 virtutem
913 1165 1143 1221 marcomirem
1166 1169 1194 1222 ln

174 1259 244 1311 eluro
260 1259 319 1311 luce
337 1273 443 1326 ponere.
479 1258 554 1311 Cur?
590 1257 713 1311 Dicturus
735 1258 890 1313 levissimum
913 1273 986 1326 rem,
1010 1278 1086 1328 quem
1111 1267 1195 1332 quiris

174 1353 252 1409 homo
269 1356 364 1408 docere
381 1361 499 1424 poterut,
518 1354 643 1424 pertidum
660 1370 721 1408 esse
738 1355 882 1423 Neaeram,
899 1372 981 1426 posse
996 1376 1058 1414 vero
1076 1364 1196 1429 precibus

176 1463 205 1510 et
221 1457 328 1510 servitio
345 1456 456 1510 fortusse
474 1457 645 1510 reconcilieri-
660 1482 697 1497 -
724 1455 850 1509 doctae
867 1471 1024 1525 sorores,
1041 1461 1149 1528 Mune,
1167 1468 1197 1515 ut

177 1556 260 1609 Ovrn.
278 1556 343 1608 Met
363 1555 395 1620 V,
412 1559 475 1609 255.
499 1554 524 1608 h.
543 1570 567 1610 e.
592 1561 679 1616 copel.
714 1557 801 1623 Atque
820 1558 898 1609 etium
915 1558 1067 1627 simpliciter
1091 1578 1196 1614 sorores

177 1672 217 1725 pr.
235 1656 318 1708 Musis
336 1655 387 1709 dici
404 1657 546 1710 hornen.
561 1655 597 1722 ll,
610 1660 656 1722 30,
673 1659 717 1709 ut.
735 1656 894 1709 Huscurrns
910 1661 992 1710 uolet.
1012 1684 1049 1696 -
1072 1658 1197 1712 Dicere

177 1772 241 1811 non
260 1764 396 1823 norunt,
415 1756 535 1824 languide
554 1755 662 1825 phrasis.
680 1783 717 1794 -
734 1770 891 1823 sequens.
926 1757 1040 1809 Annotnt
1058 1757 1197 1811 Bucurusr

178 1857 294 1921 „Versus
311 1856 338 1909 iu
356 1856 476 1926 perticip.
491 1873 524 1908 ns
542 1861 668 1909 exeuntes
682 1855 848 1925 reprehendit
859 1856 979 1909 Sumus
996 1856 1030 1909 nd
1044 1857 1118 1924 virg.
1131 1862 1196 1914 Aen.

178 1955 227 2020 lll,
243 1959 306 2009 000.
341 1956 459 2010 Ournrus
478 1961 565 2009 temen
586 1954 715 2008 interdum
739 1953 843 2007 admisit
869 1953 978 2008 docente
997 1954 1146 2009 Bunnmurr.
1163 1956 1198 2011 nd

178 2055 280 2110 Lotich.
298 2057 330 2112 T.
348 2058 370 2111 l.
389 2075 415 2127 p.
431 2057 516 2110 2395*
550 2054 670 2108 Tibullus
687 2052 756 2107 hunc
774 2053 873 2107 exitum
887 2068 939 2106 non
961 2051 1054 2119 hebet,
1081 2058 1112 2106 ut
1133 2055 1199 2107 vidit

178 2158 256 2210 etiem
275 2157 524 2211 Ercumnrus.-
552 2168 655 2240 posse
683 2151 797 2205 videre
825 2150 938 2217 dedit,
964 2157 995 2204 nt
1017 2151 1113 2203 Tibull.
1131 2152 1154 2218 1,
1170 2155 1198 2217 0,

178 2260 229 2310 to:
250 2256 322 2306 dedit
333 2255 436 2325 fallere
450 2270 539 2322 posse.
574 2251 615 2304 De
633 2266 662 2303 ro
679 2256 768 2304 nutem
786 2249 855 2304 conl.
870 2250 1003 2301 Munnsn.
1016 2248 1118 2302 Hister·
1134 2250 1198 2303 Dor.

180 2354 213 2406 T.
233 2354 255 2406 1.
274 2372 299 2420 p.
314 2356 377 2404 009.
412 2351 521 2404 Notavit
539 2350 616 2402 etlam
634 2348 856 2401 Bnoucrruusrus.
870 2376 907 2388 -·
923 2347 990 2401 Mox
1007 2361 1096 2414 qute
1113 2346 1199 2414 dico,

183 2449 350 2516 Quodque
368 2448 482 2501 lerum.
509 2446 670 2500 Huscunus
688 2447 816 2515 explicate
835 2454 862 2497 et
879 2445 938 2511 hoc,
954 2447 1024 2514 quod
1043 2464 1102 2501 cnm
1118 2448 1202 2503 mexi-

183 2563 226 2602 me
244 2547 318 2613 dico,
335 2553 362 2599 et
380 2562 426 2612 en,
450 2560 517 2613 qnae
535 2543 657 2613 deinceps
675 2545 769 2597 dioem.
803 2542 964 2610 „llrgnlfica
980 2546 1081 2597 scilicet
1096 2553 1204 2600 senteu-

184 2648 235 2699 tie!
270 2645 341 2699 Nihil
359 2646 411 2699 vidi
428 2645 607 2713 languidius,“
625 2647 663 2698 uit
675 2645 865 2698 Ercusurnrus
883 2642 1025 2695 verissime.
1060 2643 1144 2696 lmmo
1162 2647 1202 2699 bie

183 2745 279 2812 repetit
297 2744 381 2810 idem,
399 2744 615 2812 quemadmodum
633 2746 711 2796 etiem
730 2743 846 2797 Vossuus
864 2742 944 2808 oepit.
980 2738 1056 2791 Gur‘i
1093 2740 1130 2791 Ut
1147 2740 1203 2793 ior-

184 2844 236 2897 tius
258 2845 370 2897 ellirmet
390 2860 452 2897 vere
475 2861 504 2898 se
529 2847 608 2913 loqui.
650 2845 705 2911 „At
731 2844 801 2897 euim
826 2841 970 2908 tautologia
993 2839 1058 2894 hneo
1082 2841 1204 2906 mogun.“

184 2940 286 3012 Nempe
305 2942 370 2997 hono
392 2943 469 3021 pullis
494 2943 617 2997 mechiuis
635 2957 808 2997 summovens.
842 2940 991 3004 Brennum,
1019 2940 1063 3005 qul
1086 2937 1204 3005 scripsit:

185 3041 232 3112 qni
251 3041 337 3102 dicor,
363 3049 390 3096 et
408 3042 532 3115 quodque
559 3062 586 3114 p.
610 3042 783 3112 quodcunque
809 3042 951 3112 explicuit,
978 3038 1101 3092 relutuuit
1118 3038 1205 3091 Ercu-

184 3155 308 3193 snumus.
344 3140 412 3195 Nom
437 3157 515 3195 nuum
540 3157 609 3194 nuuc
633 3140 734 3193 lerebut
758 3140 838 3205 deus,
866 3155 917 3192 nou
941 3137 1129 3207 quodcunque,
1156 3152 1205 3191 noc

184 3241 320 3296 laudabilis
344 3241 408 3296 lutee
433 3243 570 3312 repetitio:
605 3256 668 3293 uou
695 3240 804 3293 inllax
832 3247 992 3293 votes-
1016 3239 1096 3292 deus
1122 3239 1206 3307 Cyn-

184 3342 277 3397 tlrius
296 3357 378 3396 vero
397 3359 464 3399 oro.
500 3345 567 3395 Post
584 3340 649 3392 haec
666 3340 739 3391 vides
760 3339 822 3406 qnid
840 3353 882 3399 res
899 3340 948 3392 sito
967 3339 1025 3391 Scit
1044 3337 1109 3392 deus
1126 3351 1207 3405 aegre

184 3443 347 3497 crediturum¹
361 3442 524 3509 Lygdamum
542 3436 705 3491 iniucundum
723 3453 797 3502 rem,
817 3452 902 3504 enque
919 3436 953 3490 de
971 3453 1049 3490 cuuse
1065 3437 1142 3490 docel
1161 3449 1208 3489 cut

185 3540 234 3592 sibi
258 3543 330 3596 credi
357 3541 469 3606 debeet3
497 3542 594 3591 tructnt
618 3551 680 3588 vcro
704 3551 759 3589 rem
785 3536 901 3604 prolixe,
928 3536 1027 3601 ieiune,
1057 3537 1154 3603 inepte.
1172 3556 1210 3575 ···

186 3637 220 3691 V.
238 3645 272 3691 51
293 3659 352 3708 sqq.
387 3644 429 3696 De
453 3642 536 3695 forme
560 3619 659 3708 periodi
684 3644 711 3690 et
736 3638 861 3705 longioris
880 3644 907 3689 el
926 3640 1009 3690 minus
1027 3648 1137 3687 nervoso
1154 3630 1210 3683 ior·

188 3743 288 3800 mulne,
306 3752 383 3802 quum
398 3743 488 3807 quoles
502 3740 624 3794 Tibullus
642 3736 752 3808 formet,
771 3735 859 3792 monui
876 3735 958 3786 verbo
976 3735 1002 3785 iu
1020 3731 1210 3784 Dissertatioue

190 3830 224 3881 de
249 3832 407 3886 Elocutiono
432 3836 540 3895 Tibulli.
588 3835 629 3890 sd
660 3837 773 3904 primum
804 3828 930 3889 dielichon
959 3828 1092 3881 fluxurus
1123 3832 1211 3881 notetr

189 3929 305 3995 „dlimm
325 3936 429 3999 poetam
446 3948 561 3997 umorem
578 3954 654 3995 suum
672 3938 811 4010 Neaerae,
839 3935 958 4003 speretne
980 3926 1114 3994 coniugis,
1140 3940 1213 3978 com·

190 4043 283 4097 perure
307 4044 367 4083 cum
392 4046 482 4087 umore
505 4040 593 4127 motus
615 4042 643 4095 lu
668 4042 755 4131 lili,1¹1
778 4057 808 4113 pt
832 4033 918 4099 meriti
942 4031 971 4084 ln
992 4044 1104 4085 uxorem
1119 4025 1217 4082 suem.⁴‘

898 4137 940 4197 23
