3009 4725
574 388 761 457 TltttJLLt
817 385 822 394 ’
1036 416 1175 457 ccxxxtx

150 566 330 631 certissime.
372 565 413 626 ln
435 584 500 647 quo
520 561 608 629 vides
627 563 742 627 iterum
763 565 927 647 specialem
947 566 1080 630 formam
1103 589 1174 632 ten·

149 681 265 744 tentiae
294 680 448 744 continuo
476 678 622 741 substitui
651 677 798 761 ampliori
828 701 887 763 per
913 681 1097 746 brevitatem
1126 682 1174 745 di·

150 794 259 877 cendi3
288 792 376 880 quod
397 813 471 856 cum
492 811 558 854 nou
584 803 665 855 esset
688 791 958 870 animadversum,
985 796 1075 859 latuit
1100 818 1174 860 vere

150 910 233 972 ratio
264 910 338 972 loci.
398 905 550 969 Diximus
585 903 625 967 de
662 905 873 987 oppositione.
939 911 1028 972 Alter
1061 908 1174 974 usodus

153 1018 339 1084 transeundi
364 1040 421 1101 per
445 1017 716 1084 continuationem
742 1032 805 1098 eet,
835 1018 875 1084 de
896 1042 962 1106 quo
983 1023 1095 1087 similia
1116 1026 1175 1087 ob·

155 1154 283 1197 seruare
311 1134 393 1196 licet.
448 1131 616 1195 Transitur
643 1134 759 1215 passim
788 1132 826 1197 ad
857 1133 953 1197 alium
982 1138 1087 1202 locum
1115 1157 1176 1220 per

155 1250 301 1329 copulam
332 1266 404 1309 cum
436 1246 564 1329 speciali
596 1246 767 1324 sententie,
810 1247 867 1311 ubi
897 1247 1061 1314 iuncturae
1092 1252 1174 1314 retio

151 1358 339 1441 generaliori
353 1359 466 1422 nititur
479 1359 651 1438 sententia,
670 1379 711 1422 ex
726 1359 980 1425 antecedentibus
992 1362 1174 1446 repetenda.

152 1470 204 1535 Sic
225 1473 313 1553 1‚2,
337 1479 393 1537 15:
424 1475 467 1537 tt
492 1495 604 1558 quoqne
623 1493 659 1548 ne
680 1473 777 1536 timide
796 1475 942 1554 custodes,
969 1476 1069 1553 Delia,
1090 1475 1176 1559 salle,

153 1598 216 1651 est:
239 1600 268 1650 te
287 1607 414 1672 quoque
433 1589 590 1668 obtestor,
612 1608 652 1650 ne
667 1585 761 1651 falle:
782 1608 853 1652 cum
870 1588 905 1651 in
921 1588 1175 1654 antecedentibus

153 1699 194 1762 ad
215 1700 341 1763 ianuam
361 1722 471 1784 preces
493 1699 661 1774 direxerit,
687 1703 874 1767 observante
895 1703 940 1765 ibi
959 1703 1051 1766 mam
1066 1705 1175 1769 Wun-

154 1813 324 1890 derlicbio,
346 1827 378 1876 et
398 1813 437 1876 ad
458 1816 632 1893 lt,1,11.‚
657 1828 751 1899 etque
774 1815 866 1878 stiam
888 1816 1022 1880 aliorum
1043 1817 1175 1903 scripto·

153 1946 228 1986 rum
263 1926 407 2007 exempla
437 1923 593 1991 leudunts.
660 1926 811 1990 Similiter
844 1948 939 2009 vero,
980 1929 1066 2012 quod
1096 1932 1175 2012 fugit

153 2038 449 2118 Wunderlicltium,
480 2040 572 2106 etiam
593 2041 623 2119 l,
647 2049 682 2119 8,
705 2049 765 2108 27:
796 2043 857 2107 ttae
886 2053 917 2106 lu
942 2041 1065 2129 dffctlis
1085 2066 1176 2129 prtem

152 2167 246 2218 tomen
276 2176 336 2217 esse
365 2167 500 2216 mnumto
531 2151 649 2216 dictum
681 2166 726 2217 est
758 2175 808 2238 pr.
857 2154 924 2219 Nec
957 2167 991 2218 tu
1022 2177 1099 2237 auge
1131 2178 1172 2220 ex

154 2272 250 2333 altera
269 2280 359 2352 perte
380 2271 497 2332 melum
518 2269 612 2350 pueri
632 2266 758 2334 duritia.
798 2268 985 2353 Expositum
1008 2269 1112 2333 furerat
1133 2268 1176 2334 de

154 2385 277 2448 misnia
306 2384 399 2467 pueri
427 2380 462 2446 in
492 2380 762 2463 antecedentibus,
796 2396 827 2449 et
853 2384 941 2451 vides
970 2386 1073 2449 statim
1101 2407 1173 2470 spe·

156 2496 265 2558 cialeau
288 2498 470 2560 sententiam
498 2497 531 2558 in
556 2516 723 2579 progressu
747 2498 898 2580 positam,
928 2502 1073 2582 copulam
1097 2520 1173 2564 vero

154 2610 269 2672 relerri
302 2630 412 2673 revere
447 2607 486 2673 ad
522 2609 748 2690 generaliorem
785 2611 821 2672 in
856 2613 983 2692 speciali
1016 2615 1174 2677 latentem.

152 2722 204 2785 Ad
234 2723 410 2803 generalem
435 2723 470 2784 iu
498 2722 755 2786 antecedentibus
782 2740 960 2803 expressam
990 2726 1174 2786 senteutiam

152 2839 294 2901 refertur
316 2835 408 2898 etiam
432 2837 581 2899 trensitus
604 2854 663 2918 per
684 2857 758 2897 nune
781 2836 809 2915 l,
830 2842 866 2914 3,
886 2841 954 2912 25ι,
982 2834 1028 2897 de·
1043 2855 1108 2918 qno
1130 2836 1175 2898 ibi

153 2951 281 3015 dictum.
322 2953 427 3034 Atque
451 2950 528 3012 leuen
554 2951 717 3014 haetenus.
731 2984 776 2998 -
818 2950 947 3014 mecm
967 2966 1065 3029 genua
1086 2948 1174 3009 loco·

152 3087 238 3143 rum,
260 3085 340 3149 quos
360 3064 412 3129 hic
429 3063 593 3143 examino,
614 3060 692 3126 illud
714 3075 775 3141 est,
797 3062 858 3127 ubi·
870 3064 903 3125 iu
921 3062 1026 3127 verbis
1043 3059 1174 3125 omuino

154 3198 218 3241 uon
244 3179 380 3241 habetur
406 3174 498 3262 quoe
520 3176 671 3240 mamitus
696 3176 857 3238 rationem
877 3175 1020 3239 distincte
1046 3171 1173 3252 indicet,

151 3292 186 3353 in
208 3292 303 3354 rebus
323 3304 426 3353 autem
452 3308 639 3372 progressus
662 3301 693 3352 et
718 3309 820 3351 nexus
842 3287 974 3352 idoneus
996 3287 1173 3370 depreben-

152 3402 255 3480 ditur,
284 3415 319 3464 ut
343 3403 458 3466 sentiet
478 3415 564 3465 recte
588 3402 860 3479 antecedentibus,
889 3401 977 3485 quud
1001 3401 1176 3478 subiicitur,

151 3512 329 3582 succedere.
367 3516 548 3595 Quorsum
569 3538 652 3581 vero·
675 3519 795 3599 sprevit
822 3518 977 3582 transitus·
997 3513 1177 3582 formulas?

151 3632 287 3714 Propter
309 3632 390 3708 vim,
421 3634 484 3695 aio.
535 3632 651 3711 Magus·
680 3633 771 3694 euim·
793 3643 827 3694 et
852 3630 976 3714 egregie
996 3632 1046 3697 vie
1069 3631 1175 3695 estin

152 3743 201 3804 his
229 3743 375 3825 abruptis
398 3744 496 3807 initiis
526 3764 682 3808 novorum
707 3748 851 3808 locorum
875 3758 906 3808 et
928 3748 1076 3828 partium.
1123 3742 1175 3807 sic

152 3851 184 3931 1,
207 3860 243 3934 3,
264 3862 316 3919 35.
347 3878 420 3918 cum
450 3856 544 3922 dicit:
587 3860 682 3942 Quem
712 3860 781 3920 lette
808 3858 1083 3920 obedum‘Sutnmo
1112 3876 1178 3933 rege

149 3978 224 4044 cet,
252 3989 354 4032 nexus
376 3990 483 4034 remum
508 3982 628 4052 certus3
659 3970 791 4052 opponit
813 3971 897 4032 euim
918 3969 1062 4031 miseriae
1084 3986 1178 4050 prns-

148 4080 249 4155 seuti,
291 4083 431 4161 querelis
466 4096 496 4145 et
529 4085 675 4167 precibus
707 4081 963 4145 antecedentibus
995 4080 1178 4158 declaratae,
