3009 4725
612 429 795 497 risuum.
1097 470 1206 515 „mv

181 612 339 686 solutum,
370 618 401 667 et
423 624 483 688 pro
504 603 627 687 templis
650 604 840 672 habitaverit
859 610 893 673 in
914 614 1025 680 humili
1047 641 1125 684 caea.
1167 626 1204 687 lu

180 747 245 811 quo
266 722 486 788 Tibullieuam
507 717 691 784 divisionem
711 742 820 784 rerum
844 746 986 805 agnosco.
1036 732 1098 796 Sed
1120 759 1204 803 nuuc

182 838 344 905 considera
364 837 447 898 mihi
467 835 545 899 haec
566 832 716 897 disticha:

265 950 294 1015 0
316 952 462 1034 quotiens
483 949 540 1016 illo
562 951 697 1014 vitulum
718 964 858 1031 gestante
877 975 936 1036 per
960 977 1049 1038 agros

308 1065 431 1125 Dicitur
451 1083 621 1126 occurrens
642 1065 804 1127 erubuisse
827 1066 937 1131 soror!

272 1175 300 1241 Ο
322 1178 462 1259 quotiens
485 1186 614 1256 ausae‚‘
628 1190 751 1240 caneret
773 1176 848 1240 dum
869 1183 949 1243 valle
970 1186 1029 1244 sub
1053 1187 1131 1262 alta,

308 1292 464 1372 Rumpere
488 1290 610 1371 mugitu
636 1291 774 1352 carmina
795 1291 885 1356 docta
906 1295 1022 1360 boves!

263 1406 362 1488 Saepe
384 1404 479 1469 duces
500 1405 630 1489 trepidis
655 1408 773 1488 petiere
795 1412 921 1472 oracula
940 1416 1051 1486 rebus,

303 1523 402 1586 Venit
424 1534 456 1584 et
477 1544 496 1583 e
514 1523 641 1604 templis
662 1522 753 1584 irrita
777 1526 869 1586 turba
890 1523 1035 1591 domum:

260 1636 359 1718 Saepe
380 1638 513 1700 horrere
534 1656 640 1698 sacros
663 1634 764 1698 doluit
785 1635 906 1699 Latona
930 1640 1072 1721 capillos,

305 1749 394 1828 Quos
415 1749 565 1814 admirata
586 1763 633 1814 est
654 1752 723 1833 ipsa
742 1772 879 1816 noverca
899 1756 997 1835 prius.

110 1908 124 1931 .
183 1864 263 1927 Dixi
275 1869 317 1928 iu
338 1870 479 1950 sequenti
501 1870 597 1951 capite
622 1866 662 1931 de
687 1870 849 1950 anaphora
876 1871 1044 1951 explicate,
1073 1871 1129 1931 ubi
1148 1872 1195 1932 vi-

179 1977 269 2043 debis
297 2001 367 2044 eum
395 1977 566 2046 conformes
589 1985 760 2048 sententias
787 1985 950 2065 requirere
974 1997 1005 2046 et
1027 1983 1194 2046 divisiones

175 2077 335 2156 aeouratas
361 2116 481 2157 rerum.
521 2097 613 2160 Nunc
642 2112 747 2162 autem
774 2117 856 2180 quae
882 2109 928 2159 est
951 2097 1032 2159 ratio
1059 2097 1193 2160 horum:

173 2209 201 2275 0
222 2210 370 2293 quatiam
392 2213 524 2275 visuum
546 2216 692 2294 gestavit,
717 2234 737 2277 o
754 2215 899 2298 quotiens
917 2212 1055 2276 caraune
1074 2211 1194 2291 mugitu

170 2339 325 2407 ruperunt
346 2324 460 2390 bovesl
502 2327 721 2410 Imprimisque
742 2328 837 2392 haec:
859 2327 957 2409 Saepe
974 2327 1104 2401 ¹oracula
1125 2327 1193 2387 irta-

172 2452 235 2501 stra
250 2442 409 2520 petierunt
425 2439 530 2518 duces,
551 2461 643 2521 saepe
661 2442 789 2521 capillos
803 2443 933 2505 horrere
949 2438 1046 2503 doluit
1060 2440 1191 2515 Latona,

174 2551 285 2632 quibus
308 2555 388 2617 nihil
408 2553 581 2627 diversius,
603 2574 667 2636 qua
686 2555 753 2633 lege
777 2556 946 2637 composita
966 2552 1061 2618 suut?
1104 2555 1191 2615 nihil

167 2665 352 2731 huiusmodi
375 2670 452 2731 alias
478 2690 610 2752 usquam
634 2668 718 2750 apud
740 2669 902 2731 Tibullum
928 2669 1079 2730 invenias.
1127 2666 1188 2728 Sed

169 2778 366 2841 emendasset
389 2782 521 2863 opium,
552 2784 579 2843 si
602 2784 668 2863 ipse
695 2783 813 2843 librum
838 2781 1008 2845 seeundum
1036 2779 1189 2841 edidisset.

164 2891 258 2954 Haec
279 2894 436 2957 hactenus.
478 2894 616 2960 Omnino
638 2897 677 2961 do
699 2895 926 2978 compositione
948 2892 1188 2972 descriptionum

165 3007 255 3090 apud
277 3010 438 3073 Tibullum
459 3012 535 3075 setis
556 3012 683 3076 dictum.

230 3122 294 3187 Sed
327 3127 477 3209 expositis
509 3129 608 3210 copiis
643 3131 754 3193 harum
790 3127 957 3208 elegiarum
993 3121 1095 3186 stetim
1129 3122 1188 3183 alia

163 3243 270 3305 oritur
295 3245 449 3326 quaestio.
498 3247 584 3309 Haeo
606 3248 740 3311 varietas
762 3266 869 3311 rerum
892 3263 998 3305 aunon
1019 3238 1054 3302 fit
1073 3239 1187 3321 passim

162 3368 205 3416 ut
232 3373 349 3438 pugnet
370 3382 477 3423 secum
499 3363 531 3423 in
557 3360 666 3425 eadem
688 3359 810 3442 elegia?
853 3360 1030 3429 ltasaltem
1052 3358 1186 3438 vulgaris

161 3470 276 3548 opinio
303 3474 373 3534 fert.
424 3472 486 3537 Sed
515 3475 642 3537 minime
669 3475 721 3552 fit,
755 3476 805 3537 aio
835 3471 998 3557 equidem3
1032 3492 1185 3554 nusquam

159 3581 294 3645 dissidet
320 3588 401 3647 male
430 3600 459 3648 et
489 3601 607 3668 pugnat
636 3609 740 3649 secum
768 3588 844 3649 haec
865 3588 998 3650 varietas
1020 3597 1050 3646 et
1071 3583 1186 3647 discre-

157 3708 274 3776 pantes
295 3719 406 3762 sensus
426 3700 525 3763 iniert
544 3699 731 3775 iniucnnde,
752 3699 807 3761 sed
829 3697 998 3763 coneordat
1018 3699 1134 3778 optimo
1156 3709 1185 3757 et

158 3812 310 3890 prdchras
331 3815 470 3879 rationes
491 3817 704 3899 oppositarum
727 3836 834 3877 sertim
860 3817 964 3877 habes
1015 3813 1059 3874 Ut
1080 3810 1186 3873 ordiar

159 3926 199 3987 ab
222 3926 279 4002 iis,
309 3947 393 4008 quae
418 3931 593 4009 apertiora,
623 3930 678 3991 ubi
701 3931 772 4011 quis
800 3928 957 3990 molestias
980 3938 1034 3987 aut
1054 3927 1185 3989 vulnera

160 4047 191 4095 et
213 4035 324 4100 caedes
345 4040 423 4103 belli
445 4043 653 4125 conqueritur
672 4056 702 4104 et
724 4041 872 4123 praedam
893 4062 929 4101 ac
948 4038 1109 4101 luxuriam
1130 4038 1185 4101 de·

162 4157 310 4229 testatur,
348 4151 428 4236 quid
460 4156 587 4220 suavius
617 4154 815 4237 oppositione
831 4153 1049 4233 ,simplicitatis
1079 4154 1184 4232 paucis
