3009 4725
324 408 372 480 10
633 405 819 479 TIBULLl
853 408 938 482 LIB.
957 409 983 482 Ι.
1004 423 1030 482 3.

336 592 557 683 odbstinean
581 593 678 667 Mors
699 611 782 683 atra,
803 622 943 696 precor:
968 625 1041 672 uon
1057 598 1114 673 hic
1133 600 1215 673 mihi
1236 622 1343 676 mater

408 723 506 821 Quae
529 721 618 823 legat
643 724 680 799 in
707 741 854 799 maestos
881 754 960 801 ossa
986 746 1124 829 perusta
1149 731 1264 820 sinus,

358 853 436 926 Nou
463 880 579 943 soror,
612 853 775 959 Assyrios
802 855 908 929 cineri
934 885 1021 957 quae
1043 857 1145 932 dedat
1171 858 1295 935 odores

409 981 454 1055 Et
478 980 557 1057 fleat
584 983 707 1058 effusis
733 1002 811 1059 ante
837 984 993 1088 sepulcra
1015 987 1140 1078 comis,
1171 1060 1175 1068 .

355 1108 454 1184 Delia
479 1140 551 1186 non
574 1140 738 1214 usquam;
778 1143 865 1216 quae
890 1144 945 1189 me
970 1144 1048 1191 cum
1069 1117 1215 1192 mitteret
1239 1120 1335 1208 urbe,

316 1257 353 1313 10
411 1239 549 1315 Dicitur
572 1260 650 1316 ante
672 1271 791 1318 omnes
813 1243 1025 1320 cousuluisse
1050 1246 1142 1320 deos.

353 1368 415 1444 llta
440 1399 555 1445 sacras
581 1374 679 1472 pueri
704 1391 812 1448 sortes
838 1392 889 1449 ter
914 1375 1066 1450 sustulit:
1101 1376 1149 1450 itti

402 1500 545 1576 Rettulit
571 1530 589 1576 e
609 1504 716 1577 triviis
740 1505 855 1579 omina
882 1522 973 1579 certa
998 1533 1093 1607 puer.

354 1632 483 1706 Cuncta
493 1630 623 1706 dabant
631 1632 903 1708 reditusztamcn
914 1653 965 1709 est
973 1634 1133 1710 deterrita
1143 1662 1331 1736 nunquam,

400 1760 496 1858 Quin
519 1759 615 1835 deret
634 1780 770 1837 nostras
793 1764 1043 1867 respiceretque
1063 1763 1144 1839 vias.

310 1891 431 1993 tolpse
456 1918 521 1989 ego
546 1889 694 1982 solator,
728 1923 807 1968 cum
833 1895 902 1969 iam
928 1895 1088 1969 mandata
1115 1894 1304 1982 dedissem,

401 2021 623 2119 Quaerebam
650 2024 769 2099 tardas
797 2026 918 2100 annus
943 2053 1052 2127 usquc
1077 2053 1199 2098 moras.

343 2150 415 2225 Aut
440 2178 504 2250 ego
529 2179 606 2227 sum
630 2171 789 2227 causatus
812 2182 889 2227 aves
910 2171 970 2226 aut
994 2153 1110 2226 omina
1134 2152 1231 2241 dira,

396 2280 535 2355 Saturni
561 2300 619 2356 aut
642 2308 775 2356 sarram
797 2309 851 2353 me
877 2280 1025 2353 tenuisse
1051 2279 1152 2353 diem.

347 2410 381 2484 0
407 2412 563 2513 quotiens
587 2413 763 2509 ingressus
790 2410 854 2482 iter
874 2409 960 2483 mihi
986 2409 1096 2484 tristia
1122 2410 1191 2483 dixi

302 2562 340 2616 20
399 2545 586 2618 Offensum
609 2542 647 2616 in
672 2560 773 2644 porta
799 2543 898 2641 signa
924 2541 1060 2617 dedisse
1084 2544 1226 2645 pedem!

344 2672 480 2748 Audeat
504 2674 609 2747 invito
636 2673 758 2776 nequis
786 2671 961 2747 discedere
983 2672 1132 2764 Amore,

392 2804 463 2877 Aut
488 2803 573 2878 sciat
598 2831 773 2901 egressum
796 2830 833 2877 se
853 2803 1056 2904 prohibente
1080 2803 1155 2878 deo.

340 2933 437 3031 Quid
453 2951 512 3007 tua
525 2961 618 3007 nunc
640 2932 704 3006 Isis
721 2931 817 3020 mihi,
842 2931 952 3021 Delia,
978 2932 1064 3033 quid
1079 2933 1164 3007 mihi
1179 2950 1322 3036 prosunt

388 3061 451 3136 ltta
476 3078 534 3135 tua
560 3061 683 3135 totiens
711 3088 788 3134 aera
811 3059 947 3162 repulsa
971 3090 1096 3153 manu,

299 3191 501 3288 25Quidve,
531 3191 586 3293 pie
613 3190 697 3263 dum
722 3217 819 3265 sacra
847 3190 950 3281 colis,
980 3218 1134 3293 pureque
1159 3190 1264 3264 lavari

388 3326 438 3398 Te
465 3321 649 3421 (memini)
676 3337 708 3394 et
729 3348 820 3421 puro
845 3320 1041 3395 secubuisse
1066 3322 1161 3394 toro?

334 3456 446 3543 Nunc,
467 3453 543 3543 dea,
564 3480 657 3525 nunc
678 3479 838 3526 succurre
858 3450 942 3524 nrihi
958 3457 1052 3548 (nanu
1068 3477 1170 3550 posse
1191 3448 1317 3520 mederi

390 3581 486 3656 Picta
512 3583 611 3656 docet
636 3580 770 3685 templis
792 3580 897 3656 multa
924 3577 1045 3679 tabella
1071 3576 1179 3673 tuis),

369 3826 401 3880 V.
413 3829 438 3879 9.
469 3827 556 3894 Vulgo
583 3845 698 3899 usquam
725 3838 784 3893 cat,
820 3826 888 3896 quod
915 3826 1008 3879 vellem
1037 3826 1173 3879 meliorum
1200 3822 1319 3877 codicum

296 3925 451 3978 auctoritato
476 3927 628 3979 firmaretur.
673 3926 741 3979 Nam
765 3927 840 3980 ratde
864 3928 949 3996 placet
973 3926 1013 3979 vir
1037 3928 1124 3995 prutto
1151 3926 1247 3987 nostor,
1274 3924 1318 3974 ubi

296 4022 329 4073 ad
351 4024 450 4076 Deliam
476 4026 606 4077 transitur.
625 4050 660 4064 -·
695 4038 767 4076 cum
792 4026 866 4089 ΙΙΙπὶς
899 4028 979 4093 vulgo
1005 4042 1085 4094 quom
1108 4039 1142 4074 ex
1168 4023 1319 4074 oouicctora

296 4120 421 4182 Douma,
446 4121 607 4189 improbante
628 4122 799 4176 (insarno.
825 4132 930 4190 receptu
952 4140 966 4209 ‚⁸
988 4124 1194 4175 Boooornusro.
