3009 4725
471 425 582 489 LlBR.
603 426 627 488 l.
670 425 792 491 ELEG.
813 430 870 495 IV.
1143 445 1183 502 97

160 607 251 656 reulus
275 600 378 652 Grneen
405 597 536 649 intonsum
562 597 659 648 crinem
683 612 767 663 usque
791 597 824 650 ud
849 601 948 654 virilem
973 609 1100 669 aetutem,
1126 611 1182 659 tum
1241 623 1245 634 ¹

160 699 328 756 consecrabat
342 695 458 765 Apollini
471 689 636 764 κουροτρόφῳ
652 701 680 748 et
693 697 785 763 fluviis,
803 698 838 750 ci.
848 699 1025 758 Bronsruco.
1040 704 1073 756 nd
1088 706 1181 759 nescir.

160 799 274 869 Gboeplr.
294 815 319 853 v.
337 801 365 851 6.
401 797 530 849 Similiter
546 796 659 849 Romani
677 798 783 851 iuvenes
801 801 908 868 primum
929 820 1028 858 comum
1047 806 1181 863 detonsum

159 902 346 957 consecrabant
359 898 417 951 diis.
452 898 574 950 Intonsos
592 914 655 951 vero
674 897 793 952 Bocchus
811 898 954 957 hebebatur
971 914 1079 976 propter
1096 916 1181 962 neter-

160 1018 218 1055 nnm
243 1002 403 1054 iuventutem
428 1004 456 1050 et
482 998 593 1066 Apelle,
618 998 662 1064 qui
685 997 746 1051 lude
772 993 942 1071 ἀκερσεκόμης
967 1003 1068 1059 dicitur.
1113 1008 1180 1062 Vide

161 1104 240 1155 etiem
257 1102 398 1153 beennon.
415 1098 509 1150 Ruon.
528 1095 563 1160 lI,
581 1100 643 1149 108.
660 1122 696 1138 -
714 1090 830 1165 decet,
848 1097 873 1151 b.
890 1115 913 1153 e.
931 1104 1043 1156 suaviter
1060 1108 1180 1160 convenit

162 1215 252 1253 comm
275 1204 384 1252 netur-ee
411 1202 438 1249 et
464 1194 543 1247 indoli
567 1193 609 1261 (er
633 1193 730 1246 lleidet
753 1194 799 1248 ihr
824 1197 946 1267 Wesen).
988 1202 1063 1255 Unde
1087 1203 1181 1259 trahent

162 1301 304 1369 procellis.
341 1301 517 1351 Aeonnousus
532 1297 583 1349 nit:
600 1289 653 1354 sole
669 1291 721 1366 γὰρ
737 1299 824 1358 θέμις.
836 1324 871 1337 -
887 1300 1025 1354 Postremo
1039 1305 1064 1356 in
1079 1306 1129 1359 fine
1146 1307 1180 1360 de

162 1405 280 1457 universo
295 1403 355 1455 loco
369 1399 477 1454 verbum
494 1398 571 1452 eddo.
609 1398 698 1463 Utere,
716 1399 761 1464 uit,
780 1405 869 1453 seinte
885 1401 946 1454 dum
963 1405 1033 1458 licet.
1070 1406 1108 1459 Ac
1126 1410 1182 1475 pri·

162 1519 232 1556 mum
257 1502 383 1569 exemplis
408 1515 443 1552 err
469 1513 555 1551 rernm
580 1503 672 1549 nntnre
698 1503 726 1549 et
750 1498 897 1551 animalium
922 1515 1019 1567 genere
1037 1503 1182 1558 ostenditur

163 1601 226 1669 loqu
247 1601 350 1653 estatis.
387 1599 456 1652 Tum
481 1598 515 1651 ed
541 1597 627 1666 ipsum
646 1611 790 1649 moerorem
812 1613 902 1650 eorum
923 1608 1091 1669 prosecutur,
1115 1619 1181 1671 quos

163 1713 223 1754 sero
238 1698 367 1766 poenituit
383 1696 509 1766 temporis
525 1695 652 1748 inutiliter
669 1694 760 1763 elapsi,
778 1701 856 1762 utque
875 1694 918 1749 hic
935 1699 1007 1751 locus
1024 1700 1050 1752 in
1070 1701 1180 1771 epiplo-

164 1815 241 1854 uems
265 1800 334 1866 enit,
360 1800 423 1852 solis
448 1799 498 1850 diis
523 1797 623 1851 dnobus
647 1797 747 1850 formae
765 1812 863 1850 merem
881 1797 974 1851 dotem.
1010 1797 1059 1852 Est
1076 1802 1181 1868 quidem

164 1902 266 1955 omniuo
285 1900 418 1969 proprium
437 1900 536 1967 elegire
554 1900 651 1952 diutius
669 1900 799 1952 immorari
818 1903 843 1953 in
861 1916 912 1952 nne
930 1903 1071 1970 sententis,
1088 1904 1180 1956 obser-

163 2000 235 2052 rubis
259 2005 345 2052 temen
370 1999 445 2051 simul
472 2015 549 2066 quem
567 1999 634 2051 bene
651 2000 729 2051 etism
748 2014 807 2052 cum
826 2001 924 2067 relique
943 2001 1043 2053 ratione
1060 2004 1180 2056 carminis

163 2098 212 2152 lree
236 2098 270 2151 de
293 2097 355 2166 inge
379 2098 520 2152 iuventutis
543 2098 697 2150 conveniunt
722 2099 854 2166 querelae.
897 2099 985 2151 Currit
1009 2105 1094 2165 eetns3
1119 2099 1179 2154 binc

162 2199 295 2254 subeunde
314 2199 415 2264 omnia,
433 2214 501 2265 quoe
519 2213 592 2250 emor
609 2199 718 2267 imponit
735 2201 858 2265 emeleri,
879 2201 985 2252 nerine
1003 2199 1087 2253 fructu
1104 2215 1177 2254 erno-

163 2300 198 2352 ris
216 2301 332 2353 elabetur
350 2305 461 2368 tempus.
498 2300 586 2365 Atque
604 2299 640 2351 itu
658 2299 806 2353 recedimus
825 2300 857 2352 cd
876 2302 1019 2369 sequentis.

232 2400 266 2453 V.
290 2401 396 2452 stt-ss.
440 2398 638 2466 Praecepto
667 2401 871 2467 peculiaris.
915 2402 1064 2456 Docetur
1093 2416 1180 2457 nuuc

165 2492 441 2565 quibus'crtibus
460 2497 678 2566 potissimum
697 2499 890 2566 cupiendus
908 2501 954 2552 sit
973 2516 1065 2568 puer.
1103 2501 1180 2555 Ute-

164 2613 199 2652 re
217 2598 400 2664 obsequio,
419 2599 468 2663 uit,
487 2604 520 2657 et
537 2596 738 2662 blanditum
763 2597 856 2650 ebsit
873 2614 954 2650 sero
973 2601 1125 2665 pecunie.

141 2734 148 2747 .
234 2697 391 2750 vus-oo.
427 2695 473 2748 De
499 2697 677 2763 obsequio.
714 2695 764 2748 bist
790 2696 955 2762 obsequium,
981 2703 1011 2748 ut
1028 2698 1105 2765 pocla
1124 2703 1180 2770 ipse

161 2780 289 2867 explicet,
316 2796 409 2849 cedere
426 2812 508 2865 puero
525 2803 554 2848 et
571 2796 723 2862 morigerari
741 2797 767 2847 iu
786 2795 921 2860 omnibus,
947 2809 1015 2860 quse
1033 2796 1057 2847 ei
1077 2803 1178 2852 tentore

162 2900 259 2951 libebit.
295 2897 413 2950 Eundem
433 2898 518 2950 locum
532 2896 651 2949 Ovinius
671 2896 766 2947 trnclnt
783 2895 809 2945 in
825 2894 880 2946 Art.
896 2895 953 2947 Am.
965 2891 999 2957 ΙΙ,
1013 2897 1064 2945 119
1076 2910 1133 2961 sqq.
1143 2924 1180 2937 .-

161 3000 218 3054 Tn.
236 2999 428 3052 Transituslric
444 3004 498 3051 ests
518 3003 546 3048 tu
563 3013 626 3051 vero
643 3012 676 3050 ne
691 2997 761 3049 sines
779 2996 873 3047 stultos
892 2993 1031 3062 praeterire
1049 2992 1113 3057 dies,
1131 2992 1178 3045 sed

162 3112 267 3165 operum
286 3097 319 3148 dn
336 3101 367 3148 ut
384 3097 472 3164 cupies
489 3110 607 3163 puerum.
643 3094 784 3147 Substituit
799 3109 861 3148 vero
878 3093 963 3145 statim
986 3092 1100 3158 generali
1118 3106 1179 3142 seu-

162 3195 261 3248 sentine
279 3196 409 3263 peculiare
426 3194 544 3260 obsequii
562 3199 737 3261 prneoeptnm.
771 3192 839 3246 Vide
857 3208 924 3260 quue
942 3190 996 3243 dixi
1014 3189 1047 3240 de
1064 3187 1112 3240 boc
1131 3202 1179 3239 usu

163 3295 190 3347 iu
208 3295 260 3347 tine
277 3294 470 3347 Dissertationis
487 3292 522 3345 de
535 3290 691 3345 Elocutione
705 3292 856 3344 Tibulli·
874 3293 907 3344 V.
917 3294 949 3343 41
960 3306 998 3355 sq.
1016 3287 1093 3339 Neu.
1113 3286 1180 3339 Cum

161 3394 348 3463 praecesserit:
383 3393 501 3451 cedes,
528 3394 601 3446 vides
619 3394 680 3461 quid
698 3410 741 3447 res
759 3394 800 3445 sit.
836 3391 1000 3458 Propositum
1019 3388 1115 3439 dictum
1134 3404 1181 3457 per

161 3500 249 3560 portes
267 3493 458 3559 explicaturus,
485 3492 573 3544 stetim
598 3494 708 3559 primum
735 3494 900 3557 praeceptum
926 3503 973 3556 per
994 3488 1113 3556 copulem
1132 3503 1179 3539 eu-

161 3593 250 3645 nectit.
286 3591 364 3649 Quod
382 3591 481 3644 monuit
499 3592 576 3644 etiem
595 3592 846 3643 Wuunsnnrcurus.
883 3586 979 3640 Confer
992 3588 1109 3655 copulem
1129 3604 1180 3658 que

75 3742 80 3761 ι
161 3687 310 3754 intrabo,
329 3694 372 3743 11.
390 3696 418 3743 et
436 3691 522 3756 nuel,
541 3696 567 3757 8,
585 3696 629 3744 27.
673 3690 757 3744 Porro
776 3688 844 3755 quod
863 3689 1040 3741 interturbet
1069 3695 1104 3739 tu
1129 3704 1178 3739 ce-

161 3785 271 3842 desr-
285 3800 362 3867 ¹nen
379 3803 494 3841 comes
519 3791 572 3844 ire
590 3807 710 3858 neges,
737 3789 889 3857 interposite
907 3795 967 3840 sunt
986 3787 1062 3840 haec:
1083 3786 1178 3837 obse-

160 3888 242 3955 quio
270 3887 418 3957 plurime
448 3891 558 3945 vincit
590 3907 694 3958 emor,
727 3906 864 3959 computu,
895 3890 917 3941 si
944 3887 1008 3941 tanti
1034 3893 1090 3948 est,
1121 3900 1179 3936 curn

160 3988 388 4045 Wunosnrrouro
408 3991 514 4061 inimi,
532 3997 671 4059 essue.
691 3995 893 4060 etio,15-it.
930 3987 1023 4053 Neque
1042 3986 1108 4036 enim
1130 3980 1179 4034 boc

156 4104 243 4159 genus
268 4091 472 4161 interpositionis
498 4098 526 4145 et
551 4093 742 4160 interruptionis
760 4094 868 4155 mirum3
894 4089 977 4154 magis
995 4082 1179 4147 memorabilis,

157 4193 244 4258 quoire
265 4192 460 4249 Lucumnuur
477 4192 555 4245 effert
570 4191 603 4244 ed
617 4193 737 4260 Propere
754 4192 801 4257 lil,
814 4195 841 4257 4,
858 4206 886 4260 p.
897 4191 959 4240 249Λ
979 4193 1007 4240 et
1021 4185 1179 4239 bonucrios

893 4300 910 4351 7
