3009 4725
382 295 492 359 LIBR.
513 296 569 358 IV.
613 295 741 357 eunus.
763 294 837 358 XII.
879 294 968 357 XIII.
1120 295 1182 357 459

234 468 361 521 Perlectis
385 469 494 536 siugulis
517 467 635 536 elegidiis
664 469 783 522 omuibus
810 484 861 522 nou
889 483 967 538 spero
995 473 1022 523 te
1049 469 1184 536 inventicia,

166 568 235 635 quod
253 574 327 623 certo
344 569 395 622 dici
417 571 498 637 possit
516 571 628 623 alienum
654 587 670 624 a
695 571 794 624 iudicio
811 570 918 623 Tibulli.
953 567 1003 620 Est
1020 568 1116 635 ubique
1134 571 1183 621 ali-

164 666 225 732 quid
243 655 389 748 argumenti
413 668 562 734 diuersitas3
587 667 752 722 nibilominus
771 685 852 736 aegre
869 668 984 736 reperias
1002 667 1072 735 quoti
1090 667 1185 720 Tibul-

164 768 248 821 lianae
270 768 375 840 didam
400 769 509 822 similius
533 771 568 822 sit
594 768 634 822 iris
660 770 788 838 elegidiis·
824 769 919 823 Paullo
943 768 1058 820 ornatius
1080 765 1185 834 quidem

165 866 274 933 primum
286 867 354 931 est,
377 867 424 918 sed
442 849 471 919 iu
485 869 618 937 Sulpiciae
636 869 712 922 laude
730 874 803 922 recte
821 868 946 921 iudicavit
964 867 1084 922 Tibullus
1102 866 1183 919 meio·

164 980 219 1018 rem
238 972 355 1021 ornatum
365 969 528 1036 'ponendum

487 1137 850 1167 *-

403 1340 762 1413 CARMEN
835 1343 947 1413 XIII.

577 1544 785 1559 ——a-

525 1719 836 1790 INTRODUCTIO.

170 1911 261 2024 Quid
288 1943 389 1995 intersit
412 1943 521 1995 aliorum
545 1941 638 2008 aliquis
663 1958 698 1994 au
723 1957 785 1994 suos
808 1956 912 2024 amores
930 1948 1021 2009 canat,
1048 1945 1188 2000 clarissime

168 2040 220 2095 Inoo
244 2058 348 2096 carmen
374 2043 452 2096 docet
478 2048 654 2113 comparatum
679 2057 738 2096 cum
764 2042 985 2096 antecedentibus.
1027 2045 1124 2097 SuesIa
1144 2046 1189 2097 illa

167 2148 227 2195 sunt
255 2149 283 2197 et
309 2150 417 2205 venuste
446 2145 630 2210 eleganterque
659 2125 804 2211 composita
833 2149 862 2194 ut
891 2142 1017 2207 sidimus,
1050 2159 1082 2195 ac
1110 2142 1189 2195 babet

168 2225 289 2305 magnum
307 2242 426 2294 ardorem
444 2243 576 2309 Sulpiciae
595 2242 721 2306 allectus,
746 2240 793 2293 sed
812 2246 897 2294 tamen
915 2242 990 2294 abest
1007 2243 1126 2310 proprius
1144 2243 1189 2295 ille

169 2338 274 2388 Tibullo
300 2338 406 2403 insignis
433 2339 507 2403 vigor
531 2339 686 2403 affectuum,
713 2341 758 2404 qui
783 2341 810 2392 Iu
835 2341 917 2407 primo
944 2347 970 2394 et
988 2339 1102 2395 secundo
1121 2342 1187 2395 libro

171 2434 335 2503 conspicuus,
353 2451 420 2488 nunc
439 2440 494 2487 lota
511 2451 569 2487 cum
587 2439 612 2487 ni
632 2452 679 2487 sua
697 2424 723 2487 In
742 2437 791 2488 boc
806 2442 921 2492 calonne
939 2443 1014 2494 redit.
1046 2442 1104 2508 (Tu
1123 2442 1189 2494 milui

171 2552 298 2586 curarum
320 2532 440 2603 requies,
465 2542 497 2583 tu
521 2542 597 2583 nocte
615 2532 658 2583 vel
675 2542 740 2582 alra
758 2537 875 2590 Lumen,
901 2545 928 2585 et
946 2537 975 2586 in
993 2540 1057 2592 solia
1073 2552 1105 2593 tu
1124 2541 1190 2593 milui

170 2633 253 2688 turba
278 2634 363 2686 locis!
399 2634 466 2690 Quis
493 2634 519 2686 In
546 2633 641 2685 talibus
670 2647 721 2685 non
750 2632 870 2701 agnoscit
899 2631 1067 2701 Tibulluml)
1112 2640 1188 2694 Nunc

172 2737 239 2789 euim
257 2750 288 2788 se
305 2736 389 2802 ipsum
408 2741 486 2803 poeta
503 2734 596 2785 iterum
614 2729 734 2795 exbibet,
752 2736 813 2782 aule
834 2730 943 2784 alibrum
960 2747 1052 2785 sensus
1069 2735 1188 2789 Imitaba-

171 2842 222 2888 tur.
257 2835 309 2888 Est
331 2839 418 2887 autem
443 2833 582 2886 uerisImile
605 2833 631 2884 iu
657 2832 797 2896 Glyceram
822 2831 947 2900 scriptum
972 2847 1089 2899 carmes,
1114 2842 1145 2886 ut
1163 2837 1188 2887 iu

173 2934 231 2987 Vita
249 2935 348 2988 Tibulli
366 2935 489 3003 exposui,
508 2939 692 3001 postmortem
712 2947 776 2984 vcro
795 2931 893 2984 Tibulli
911 2938 1058 3001 repertum,
1075 2933 1114 2986 sic
1132 2933 1189 2987 edi-

172 3040 226 3086 tum
254 3049 311 3086 csse
339 3049 398 3087 cum
425 3031 644 3085 antecedentibus.
688 3028 756 3083 Nam
781 3030 902 3083 Nemesis
930 3032 1001 3084 nullo
1026 3031 1105 3084 modo
1131 3047 1189 3084 essa

171 3140 273 3203 potest,
299 3149 376 3202 quem
402 3133 555 3199 alloquimur
584 3133 671 3201 puella
694 3147 772 3185 avara
798 3138 826 3184 et
844 3130 973 3200 superba,
1000 3146 1067 3198 quae
1085 3138 1189 3200 praeter

172 3235 304 3289 Tibullum
329 3235 407 3287 etiam
432 3234 497 3287 alios
516 3234 669 3288 admittebat
686 3248 780 3302 saepe,
808 3234 940 3300 quomodo
959 3233 992 3287 de
1012 3234 1109 3288 Tibulli
1128 3250 1190 3305 per-

172 3336 233 3388 fidia
252 3334 325 3402 queri
344 3333 450 3402 potuit?
486 3332 626 3397 Foederis,
646 3332 722 3398 quale
739 3329 781 3383 hic
799 3332 824 3383 in
843 3333 928 3402 primo
946 3333 1055 3388 disticho
1073 3351 1189 3391 comme-

172 3443 301 3501 moratur,
327 3435 425 3486 uullum
444 3432 582 3498 vestigium
601 3431 688 3485 videas
706 3434 732 3485 ia
750 3432 906 3486 carminibus
924 3435 956 3487 ad
975 3434 1123 3504 Nemesim,
1143 3454 1190 3491 ue·

172 3549 222 3599 que
241 3532 316 3586 buius
332 3535 436 3601 geueris
454 3531 503 3583 luit
519 3531 568 3583 iste
585 3545 656 3586 usus.
692 3531 789 3586 Sitnilis
808 3533 893 3599 potius
913 3532 954 3586 bic
972 3536 1095 3599 amanei,
1113 3551 1190 3602 quem

172 3648 206 3685 ex
229 3634 382 3686 carminibus
404 3631 438 3685 ed
464 3632 563 3685 Deliam
588 3637 714 3691 tnovimus·
751 3632 846 3697 Neque
870 3637 957 3683 tamen
983 3633 1059 3685 Delia
1082 3633 1193 3699 cogitari

173 3737 275 3797 potest,
301 3733 374 3785 cuius
391 3747 516 3799 nusquam
534 3734 670 3800 servilium
688 3734 924 3794 commemoratur,
951 3742 1001 3781 nec
1019 3728 1089 3781 cadit
1105 3727 1194 3781 bolus-

173 3828 243 3880 modi
264 3829 352 3895 quid'
346 3847 371 3881 m
390 3829 453 3885 hauc
471 3834 557 3887 mitem
578 3854 703 3915 puellam
742 3838 778 3894 At
796 3831 913 3896 Glycera
929 3829 1038 3882 immitis
1055 3835 1119 3882 erat
1153 3828 1196 3882 Na

172 3927 268 3990 multa3
294 3926 359 3979 banc
387 3944 485 3984 mecum
510 3934 642 4039 ἰυῑείιῑὲρ
678 3945 793 4017 Μάρων
818 3944 887 3987 vero
907 3932 1028 3997 Glycera
1050 3936 1103 3980 turn
1127 3926 1201 3978 danbl-

174 4034 243 4080 tasse
264 4027 297 4080 de
322 4040 408 4081 amore
433 4029 538 4101 Tibulli,
530 4066 647 4137 stu,
605 4082 707 4175 ⁸b'l¹⁰'¹
674 4078 726 4139 0¹¹⁸
747 4044 820 4106 sorte
841 4037 907 4087 orta
927 4035 996 4095 nlius
1016 4022 1211 4085 consuetudinis,

641 4116 647 4161 I
