3009 4725
454 407 639 482 TIBULLI
667 408 752 483 LIB.
773 412 816 485 Il.
835 427 861 487 4.
879 430 905 486 5.
1148 426 1194 497 51

212 600 281 674 Seu
307 596 420 671 veniet
442 593 506 668 tibi
530 620 646 684 mors,
674 619 738 667 nec
764 595 828 668 erit
851 596 910 697 qui
935 598 1049 699 lugeat
1074 603 1183 699 ullus,

240 713 244 720 ⁴
269 729 341 801 Nec
369 724 430 826 qui
453 723 510 797 det
534 741 679 798 maestas
701 751 826 798 munus
852 725 889 799 in
916 731 1084 831 exequias.

173 856 263 931 45At
287 857 382 931 bona
406 880 494 954 quae
516 880 580 926 nec
606 880 706 926 avara
730 852 807 942 fuit,
830 873 966 931 centum
988 857 1066 936 licet
1086 892 1195 942 annos

263 984 411 1072 Vixerit,
443 982 618 1082 ardentem
644 980 782 1055 llebitur
807 1001 885 1057 ante
910 1015 1051 1086 rogum:

216 1114 329 1214 Atque
353 1110 475 1212 aliquis
500 1110 614 1183 senior
638 1128 767 1187 veteres
790 1133 969 1190 veneratos
997 1147 1129 1197 amores

265 1250 391 1319 Annua
418 1260 612 1318 constructo
634 1259 724 1317 serta
747 1243 843 1320 dabit
866 1249 997 1326 tumulo

214 1376 259 1449 Et
283 1374 404 1449 ‘bene'
427 1372 609 1448 discedens
637 1372 727 1447 dicet
751 1373 970 1479 ‘placideque
997 1383 1170 1481 quiescas,

174 1522 211 1576 50
267 1505 442 1606 Terraque
464 1529 606 1578 securae
631 1502 676 1577 sit
697 1530 802 1605 super
829 1533 906 1581 ossa
927 1507 1028 1583 levis?

218 1638 307 1708 Vera
322 1633 461 1735 quidem
480 1659 617 1720 moneo,
642 1632 703 1705 sed
722 1652 868 1732 prosunt
884 1637 969 1737 quid
985 1640 1070 1714 milri
1094 1645 1196 1718 vera?

268 1760 364 1835 Illius
390 1780 440 1835 est
461 1762 563 1835 nobis
587 1760 662 1859 lege
684 1759 847 1836 colendus
872 1765 989 1840 Amor.

219 1890 315 1988 Quin
342 1891 443 1964 etiam
469 1890 565 1964 sedes
588 1890 705 1964 iubeat
729 1892 760 1963 si
782 1893 928 1968 rendere
951 1896 1076 1987 avitas,

269 2022 318 2094 lie
341 2020 406 2095 sub
433 2020 612 2121 imperium
637 2021 703 2094 sub
730 2017 950 2122 titulumque,
979 2023 1095 2099 Lares.

174 2150 397 2251 &Quicquid
422 2148 526 2223 habet
552 2150 667 2239 Circe,
700 2150 866 2250 quicquid
891 2152 1014 2227 Medea
1040 2156 1180 2246 veneni,

267 2279 445 2382 Quicquid
472 2296 506 2353 et
530 2277 716 2353 herbarum
741 2279 905 2357 Thessala
932 2300 1021 2356 terra
1045 2283 1147 2382 gerit,

213 2411 255 2485 Et
266 2412 369 2511 quod,
386 2410 447 2484 ubi
460 2409 637 2483 indomitis
650 2410 812 2509 gregibus
820 2415 936 2487 Venus
948 2413 1041 2489 afflat
1054 2443 1196 2505 amores,

266 2541 500 2639 Hippomanes
524 2538 669 2638 cupidae
695 2539 799 2612 stillat
824 2542 867 2615 ab
894 2543 1035 2641 inguine
1063 2573 1179 2646 equae,

219 2667 257 2741 Si
283 2667 387 2741 modo
408 2683 463 2740 me
486 2667 623 2768 placido
645 2667 758 2740 videat
782 2668 935 2742 Nemesis
959 2699 1032 2745 mea
1059 2673 1169 2763 vultu,

175 2809 213 2864 60
269 2795 365 2871 Mille
392 2795 475 2872 alias
499 2796 625 2872 herbas
651 2795 792 2870 misceat
816 2794 893 2886 illa,
931 2796 1057 2871 bibam.

514 3094 777 3158 ELEGIA
822 3095 864 3157 V.

215 3195 388 3347 Phoebe,
398 3256 876 3357 savemovusingrediturtua
887 3254 1011 3356 templa
1022 3254 1197 3330 sacerdos:

272 3386 347 3459 Huc
370 3415 431 3485 age
458 3416 536 3461 cum
563 3388 691 3462 cithara
719 3387 994 3485 camlinibusque
1020 3386 1105 3458 veni.

221 3513 324 3589 Nunc
352 3532 382 3589 ie
404 3514 537 3590 vocales
564 3516 737 3618 impellere
765 3514 887 3615 pollice
910 3513 1074 3604 chordas,

267 3644 369 3718 Nune
392 3672 517 3745 precor
541 3645 585 3719 ad
608 3644 727 3719 laudes
754 3643 887 3718 llectere
913 3644 1016 3718 verba
1038 3673 1139 3718 meas.

248 3825 336 3881 w.
354 3828 473 3882 veniet
491 3832 590 3898 optimi.
628 3826 678 3884 Atii
696 3832 789 3883 veniat
808 3818 883 3886 male.
920 3834 985 3885 Mox
1001 3848 1085 3900 neque
1102 3833 1200 3899 primus

169 3915 315 3970 Mosarna
344 3921 441 3972 intulit.
493 3922 590 3975 Verum
621 3930 661 3975 est
686 3940 747 3976 nec
774 3953 808 3963 -
834 3925 922 3989 Nec3
957 3922 1106 3974 variationis
1130 3922 1200 3973 nullu

173 4024 254 4061 caum
278 4018 343 4064 erat.

251 4110 282 4162 V.
290 4113 316 4162 4.
336 4110 462 4179 Plerique
475 4126 571 4176 meaa,
588 4112 632 4164 aiii
645 4121 720 4163 tuor.
742 4113 816 4165 Bene
826 4114 1018 4166 Leontinum
1030 4107 1122 4163 suadet
1133 4127 1199 4162 mea.

857 4210 908 4273 4*
