3009 4725
334 431 393 470 oux
738 409 797 473 DE
818 407 940 476 POESl
1048 421 1052 427 '

334 589 387 644 aut
407 579 564 663 Propertii
587 580 666 643 illud
691 582 722 660 1,
743 588 781 663 3,
802 588 843 646 21
861 602 930 669 sqq.
973 585 1010 647 m
1031 587 1115 649 modo
1138 601 1172 650 ut
1197 589 1252 667 14,
1275 595 1305 651 3.
1320 591 1352 652 4.

333 693 515 758 suavissime
537 697 725 775 repetentis:

419 804 459 867 Et
478 803 573 869 modo
596 808 756 870 solvebam
776 817 883 870 nostra
906 806 945 870 de
969 808 1073 872 fronte
1095 813 1226 874 corollas

460 919 685 1003 Ponebamqne
707 921 784 1000 tuis,
813 919 964 1003 Cynthia,
997 925 1209 1005 temporibus,

419 1031 460 1095 Et
478 1031 573 1095 niodo
595 1034 768 1125 gaudebam
788 1037 893 1117 lapsos
916 1038 1052 1099 formare
1073 1039 1219 1119 capillos,

463 1145 557 1208 Nunc
578 1147 694 1209 furtiva
716 1149 800 1211 cavie
820 1169 919 1243 poma
937 1148 1050 1212 dabam
1074 1155 1228 1214 manibus.

332 1260 408 1320 Tale
437 1279 532 1342 porro
561 1260 621 1323 hoc
648 1274 693 1324 est
721 1261 979 1343 epanadiploeeos
1006 1268 1186 1347 exemplum
1210 1262 1350 1326 dulcissi-

332 1391 418 1433 mum
441 1371 524 1453 opud
546 1372 719 1436 Homerum
746 1375 784 1437 tl.
799 1377 911 1451 XXII,
935 1381 1014 1438 127:

422 1475 475 1551 Οὐ
491 1483 557 1568 μέν
574 1508 644 1558 πως
662 1479 919 1554 1171111111πὸ
938 1479 1034 1572 δρυὸς
1052 1477 1122 1554 οὐδ’
1138 1477 1205 1553 inl
1225 1485 1348 1570 πέτρης

422 1597 477 1684 Τῷ
503 1588 732 1682 ὀαριζέμεναι,
765 1593 825 1664 ἅτε
853 1598 1028 1684 παρθένος
1055 1590 1175 1684 ἠΐθεός
1198 1625 1256 1679 se,
1289 1650 1293 1654 -

417 1709 602 1796 Παρθένος
628 1701 746 1795 ἠΐθεός
770 1701 798 1774 τ’
825 1701 995 1797 ὀαρίζετον
1022 1703 1207 1799 utillum.

332 1820 393 1884 Sed
415 1824 573 1905 pertinent
593 1824 654 1885 huc
676 1826 827 1908 imprimis
847 1825 941 1888 etiam
962 1826 1177 1889 artificiosiora
1195 1824 1347 1910 qrraedam

329 1957 445 2016 genera
467 1937 501 1998 in
527 1937 799 2016 antecedentibus,
829 1941 885 2003 ubi
910 1942 1014 2003 locum
1040 1962 1105 2004 uon
1126 1942 1299 2017 habebant,
1329 1964 1346 2002 a

330 2071 380 2114 me
409 2048 552 2114 noudum
580 2066 761 2116 memorata.
803 2050 855 2116 Sic
877 2056 1061 2136 Propertius
1081 2055 1113 2131 1,
1134 2059 1193 2131 21,
1212 2059 1255 2114 26
1276 2074 1345 2135 sqq.

330 2162 403 2226 dicit
429 2165 628 2228 suavissime:

456 2277 549 2339 Hunc
571 2298 667 2358 snper
688 2288 718 2336 et
738 2273 850 2351 Zetes,
879 2273 964 2334 huuc
986 2285 1136 2355 superet
1158 2273 1258 2335 Calais

403 2386 530 2482 ¹Oscula
550 2389 707 2469 suspensis
728 2387 887 2450 instabant
912 2409 1039 2469 carpere
1061 2378 1202 2470 palmis,

457 2500 570 2568 Oscula
592 2514 623 2563 et
644 2503 764 2562 alterna
785 2500 868 2562 ferre
891 2501 1004 2583 supina
1024 2522 1132 2564 manu.

327 2615 394 2677 Nec
417 2617 519 2678 minus
541 2614 695 2695 elegantes
724 2627 798 2677 sunt
818 2627 980 2697 protaseos
1009 2627 1038 2677 et
1067 2612 1240 2698 apodoseos
1262 2636 1347 2679 com·

328 2730 500 2810 positiones
517 2732 610 2809 tales,
631 2728 670 2809 ll,
695 2735 745 2807 ts,
771 2735 824 2792 11:

414 2840 496 2904 Cum
519 2842 577 2904 tibi
600 2864 655 2903 nec
677 2835 790 2921 frater,
813 2863 870 2903 nec
894 2840 934 2903 sit
954 2841 1012 2901 tibi
1032 2840 1115 2903 filius
1135 2844 1232 2923 ullus,

454 2955 567 3019 Frater
588 2975 645 3035 ego
667 2966 698 3015 et
718 2954 778 3016 tibi
798 2953 858 3018 eim
878 2953 960 3015 filius
983 2974 1066 3017 unus
1087 2975 1153 3034 ego.

328 3081 381 3130 aut
400 3068 441 3147 ll,
463 3074 492 3145 3,
516 3068 576 3129 43:

412 3181 485 3244 sive
506 3182 592 3242 illam
619 3178 780 3259 Hesperiis
805 3179 871 3243 sive
894 3178 979 3241 illam
1002 3176 1143 3241 ostendet
1162 3178 1252 3255 Eois,

454 3292 535 3357 Uret
556 3305 586 3355 et
607 3292 707 3369 Eoos,
737 3303 807 3353 uret
830 3304 862 3354 et
881 3291 1063 3373 Hesperios.

326 3405 420 3488 Apud
438 3407 610 3484 Tibullum,
631 3405 718 3467 cuins
740 3404 844 3485 poesie
861 3405 963 3467 ali'ena
985 3427 1003 3466 a
1022 3405 1143 3468 lusibus
1158 3406 1215 3466 etsi
1234 3407 1345 3467 iucun-

327 3518 385 3599 dis,
403 3519 481 3579 1111111
496 3530 541 3578 est
556 3538 597 3579 ex
609 3528 676 3579 toto
686 3518 747 3579 hoc
762 3538 874 3597 genere
889 3518 950 3579 nisi
963 3538 1062 3580 unum
1074 3518 1134 3579 hoc
1146 3517 1200 3594 Ν,
1208 3523 1239 3594 2,
1248 3522 1276 3578 9.
1289 3524 1346 3582 1o:

412 3629 477 3693 Seu
500 3630 594 3693 solvit
614 3631 729 3708 crines,
750 3630 828 3693 susis
848 3629 935 3693 (lecet
956 3651 1021 3693 esse
1043 3629 1177 3708 eapillis:

452 3744 515 3810 Seu
538 3747 687 3827 compsit,
719 3746 849 3828 comptis
870 3760 916 3807 eat
937 3739 1115 3806 venerenda
1136 3744 1249 3815 comis,

325 3860 382 3921 ubi
412 3872 518 3945 tamen·
545 3860 665 3921 fallitur
687 3860 867 3921 Huschlsius
894 3859 968 3934 fudit
988 3878 1038 3940 pr.
1059 3860 1136 3920 soluit
1160 3858 1347 3936 coniicieus3

326 3994 429 4057 neque
460 3974 543 4034 enim
570 3970 643 4033 data
673 3990 770 4050 opera
803 3972 925 4052 quaerit
954 3974 1058 4034 lusum
1081 3982 1174 4051 poeta
1203 3982 1348 4034 accurata

319 4087 530 4189 xresponsione
560 4066 745 4160 verborum,
782 4082 835 4144 sed
864 4084 961 4163 tangit
992 4094 1112 4144 tantum
1141 4081 1255 4144 leviter
1286 4084 1346 4147 lsoc
