3009 4725
294 392 354 448 166
529 385 875 454 c01ttMEtt‘TAttttt
900 389 1072 455 TIBULLl

294 560 339 613 bnt
363 559 458 615 malm
483 569 510 616 ct
533 564 694 630 occultabat,
720 572 799 633 atque
826 567 862 619 itu
888 566 967 620 tacito
991 564 1081 618 dolore
1105 567 1312 620 consumebatur.

294 660 350 714 Sed
366 661 486 716 Tibullus
501 663 689 731 animadvertit,
707 673 736 717 nt
756 673 812 719 enat
831 667 930 735 peritur
948 665 1038 718 talium
1057 677 1158 726 rerum,
1188 671 1215 715 et
1234 668 1312 718 mire·

294 768 366 813 retur
389 776 457 815 noae
480 761 506 815 tt
526 763 583 830 agit
605 769 634 817 ul
657 773 791 818 cuccurrat
809 781 891 835 puero
908 765 1024 828 dilecto,
1048 763 1074 814 in
1092 776 1144 828 quo
1166 760 1312 827 opitulandi

295 857 381 912 utudlo
399 860 486 913 nnltn
508 862 611 929 elegiae
634 870 767 930 vereatur,
795 871 909 916 ceterum
931 864 1008 916 ainul
1026 862 1108 914 iconia
1133 860 1182 912 leni
1206 863 1312 927 conspi-

260 942 271 958 ⁶
295 975 377 1024 ΜΘ,
405 963 473 1029 qnod
494 965 600 1018 meritae
626 981 723 1034 poenae
745 965 846 1018 terebat
871 978 942 1032 puer.
979 961 1093 1016 Pholoen
1110 977 1203 1014 nomeu
1223 963 1311 1013 lictum

295 1064 336 1110 eat
354 1064 381 1110 et
398 1063 528 1129 poeticum
550 1041 579 1116 ut
599 1063 667 1132 apud
688 1064 796 1117 Honor.
816 1063 837 1128 l,
855 1067 900 1115 8³.
919 1077 968 1115 nec
986 1061 1152 1129 cogitandum
1170 1060 1203 1114 de
1221 1060 1312 1113 cedern

295 1156 381 1222 puella
403 1159 528 1212 ambobna
551 1161 632 1227 tocie,
660 1175 701 1213 rea
723 1167 811 1214 autem
837 1161 897 1213 ficta
921 1176 972 1214 nou
991 1165 1033 1214 erl
1051 1162 1135 1229 plana.
1172 1159 1313 1214 Videamus

294 1267 362 1307 nuuc
380 1258 566 1310 tractationem.
602 1257 632 1311 In
650 1259 796 1313 exordio
820 1266 881 1314 aute
898 1262 986 1313 onoma
1003 1260 1105 1313 nuntiat
1122 1275 1154 1312 re
1170 1273 1247 1311 norae
1264 1259 1313 1311 do-

296 1354 365 1405 loret
382 1354 474 1405 tacitos
492 1355 566 1422 pueri
584 1361 612 1408 at
629 1353 747 1410 munuc
764 1372 824 1410 enm
843 1373 876 1411 ue
894 1357 1040 1412 diaalrnulet
1057 1359 1170 1425 diutius,
1186 1359 1314 1426 aiquldcnr

295 1448 359 1502 uleua
377 1449 505 1504 crudeliua
522 1459 582 1505 urat
598 1469 664 1521 quor
684 1456 770 1508 rideat
793 1471 914 1524 premere
938 1471 1054 1509 amoreru
1077 1456 1213 1525 superbia,
1241 1456 1315 1510 idco·

295 1561 346 1615 quc
363 1548 441 1600 etiarn
462 1548 583 1602 Marathe
600 1550 693 1605 iecerit
710 1560 740 1605 ut
758 1553 872 1606 atudinm
890 1553 990 1607 lormae
1014 1555 1071 1607 aine
1094 1569 1218 1607 aucceauu
1236 1554 1315 1607 tuerit

295 1645 365 1714 apad
381 1644 499 1699 Pholoen
517 1646 658 1716 hucusque.
702 1653 800 1718 Aperte
825 1650 914 1704 fovere
937 1667 1051 1705 amorem
1075 1651 1172 1705 debent
1189 1652 1234 1719 qui
1252 1652 1316 1706 deor

295 1760 348 1798 non
363 1745 457 1798 invitor
476 1743 571 1801 habere
587 1747 703 1816 cupiunt,
726 1753 755 1800 et
769 1748 859 1801 aunicla
877 1747 985 1803 credere
1004 1764 1096 1804 sennua
1112 1765 1183 1817 auor,
1200 1751 1221 1801 ai
1240 1751 1315 1802 attui-

295 1849 331 1900 llo
349 1849 490 1902 amicorum
507 1863 581 1920 opnr.
617 1850 672 1903 laun
690 1851 715 1903 in
734 1851 873 1928 relipuo
900 1853 1051 1905 carmine
1074 1851 1108 1905 de
1126 1851 1240 1906 remedio
1255 1852 1317 1905 unali

295 1947 389 2015 agitur.
425 1950 559 2006 Quaenam
575 1950 657 2017 igitur
673 1952 785 2019 primunt
803 1953 880 2020 origo
898 1952 958 2005 teil
993 1952 1064 2006 Num
1079 1960 1156 2006 nanto
1170 1960 1217 2006 ant
1231 1951 1317 2006 hernia

297 2049 405 2103 devotus
422 2065 501 2119 puer,
529 2056 559 2103 ut
581 2052 683 2117 magica
706 2058 764 2105 arte
787 2054 873 2105 canati
891 2052 1012 2107 debeat?
1047 2053 1170 2119 Minime,
1196 2052 1243 2108 aed
1260 2053 1316 2121 ipae

297 2150 347 2203 eibi
365 2149 514 2219 imprudens
530 2152 660 2204 contraxit
677 2151 789 2215 munna,
814 2166 872 2210 curn
891 2166 985 2218 corpur
1005 2152 1107 2217 pnellae
1127 2149 1314 2219 pulcherrimae

298 2254 418 2315 tangeret
443 2250 551 2317 aliisque
578 2251 699 2317 nequitiia
727 2249 878 2319 periculosis
901 2248 1058 2313 indulgeret
1095 2248 1155 2300 Hoc
1180 2254 1221 2301 eat
1243 2251 1314 2313 quod

297 2353 432 2417 tantopere
450 2349 545 2404 nocuit.
579 2348 680 2404 'sannen
697 2349 774 2403 etiem
792 2354 821 2400 tn
840 2362 923 2413 nunc,
944 2344 1059 2412 Pholoe,
1077 2361 1110 2400 ne
1127 2360 1197 2414 ange
1217 2346 1313 2401 malurn

297 2447 450 2515 asperitate,
477 2447 524 2501 aed
552 2447 631 2501 redde
661 2454 687 2500 te
716 2445 853 2499 decideriis
878 2446 973 2511 unua,
1002 2452 1033 2499 ut
1060 2447 1183 2498 tollantur
1210 2446 1315 2500 dolores

299 2545 379 2615 pueri.
415 2545 564 2615 tempnere
581 2543 703 2613 quidquid
722 2545 888 2598 utileriruua
905 2542 940 2597 ad
957 2543 1171 2597 commovendam
1189 2542 1315 2612 Pholoen,
1367 2562 1372 2569 ·

298 2646 324 2698 in
341 2644 453 2700 medium
471 2647 565 2711 alfort,
590 2662 649 2700 cuna
668 2647 754 2714 aptius
771 2646 859 2713 magni
879 2645 940 2698 mali
957 2643 1098 2698 remedium
1117 2651 1241 2714 appareat
1258 2646 1317 2699 uul-

298 2745 358 2798 lutu.
393 2746 522 2798 Dividitur
539 2751 626 2799 autem
644 2745 682 2799 alc
700 2744 812 2799 hortatio
834 2742 898 2798 haee
916 2744 1026 2813 puellae.
1061 2745 1178 2799 Primum
1197 2746 1316 2799 iuventu-

297 2851 349 2899 tem
368 2845 442 2913 pneri
459 2845 484 2898 ei
503 2843 667 2897 commendat
688 2850 716 2896 et
739 2844 806 2896 levio
825 2858 872 2896 ora
894 2847 922 2894 et
941 2841 1068 2895 tnnnldntn
1090 2857 1186 2911 corpur
1203 2849 1231 2897 et
1247 2845 1314 2898 rnol-

297 2944 331 2998 lia
350 2950 470 3014 pectora,
497 2959 630 3013 opponens
649 2942 743 3008 frigida
766 2943 882 2995 membra
899 2944 957 2996 canl
974 2944 1112 3009 amatoria,
1135 2951 1275 3012 monetque
1292 2949 1316 2999 ai

296 3045 468 3115 abwmpaerit
489 3049 601 3096 aetatem
620 3045 645 3096 in
666 3040 741 3095 huiur
763 3041 941 3111 amplexibus,
970 3049 1134 3096 senectutem
1154 3045 1255 3097 triatem
1274 3044 1316 3097 iu-

296 3157 396 3213 tnraunc
426 3162 478 3200 nou
501 3144 626 3197 iuuabunt
650 3143 750 3213 lapidea
774 3158 944 3211 gemmaeque
969 3142 1095 3210 donatae,
1121 3159 1171 3198 nec
1196 3151 1318 3213 poterunt

297 3246 413 3301 reuocari
430 3247 509 3300 etiam
527 3242 645 3309 diligenti
662 3242 750 3298 studio
771 3243 870 3298 formae
887 3244 973 3299 dulcia
993 3244 1089 3312 gandia
1105 3246 1201 3299 amoris
1221 3247 1317 3299 auriana

296 3347 386 3399 uernat.
426 3343 527 3399 Deinde
551 3343 638 3411 pergit
660 3342 695 3394 ad
719 3342 791 3395 uliud
816 3350 843 3396 et
870 3343 985 3397 necundo
1011 3345 1071 3398 loco
1094 3346 1215 3411 querelae
1244 3349 1317 3413 pueri

295 3449 397 3507 narrat,
420 3457 485 3509 quaa
503 3442 547 3494 ille
564 3440 665 3494 abnecti
681 3446 782 3493 amatae
800 3439 871 3494 dicat
888 3441 1024 3495 lacrimam
1041 3444 1165 3496 uolitariia
1184 3441 1266 3505 horit,
1291 3443 1313 3494 ei

295 3542 335 3595 luia
352 3542 465 3608 cognitio
482 3542 568 3609 innui
585 3541 680 3595 duritia
703 3542 819 3599 tnnllerla
844 3543 934 3611 posuit
976 3543 1115 3598 Poatretno
1139 3559 1168 3596 rc
1191 3556 1316 3595 revocant

295 3652 455 3710 puerumque
472 3636 561 3709 abluta
578 3637 766 3694 hortationibua
780 3641 911 3694 exitum
929 3641 1047 3711 imponit,
1065 3641 1226 3711 praedicent,
1242 3637 1314 3707 qnod

294 3754 374 3793 unone
391 3736 523 3802 reatabat,
550 3751 648 3806 poenae
665 3736 789 3804 deonna,
813 3738 863 3791 ulai
880 3737 981 3791 derint
999 3754 1058 3792 care
1075 3738 1197 3808 superbe.
1233 3737 1315 3791 Viden

294 3836 473 3905 putationem
485 3851 591 3891 auareun
603 3850 699 3893 rernm.
734 3838 839 3892 Pollicit
854 3836 1052 3908 poletritudinia
1062 3844 1207 3893 uronntcato
1220 3837 1316 3905 tmen

293 3937 400 3990 flectere
425 3936 513 3991 atudet
538 3935 652 4005 querella
676 3933 784 3988 lormoal
802 3936 876 4005 pueri
900 3934 1062 4004 lacrimisque
1080 3938 1209 4001 narniis,
1234 3943 1317 3989 terret

293 4036 404 4105 denique
420 4038 496 4090 minti
512 4050 663 4105 poenarum.
699 4037 786 4104 Atque
803 4034 839 4088 ite
857 4034 908 4088 rite
921 4034 1064 4088 abaolvltnr
1080 4050 1173 4089 corana
1187 4033 1316 4095 caminis,

293 4135 419 4202 siqudem
443 4140 484 4193 rel
509 4135 585 4192 coelet
610 4136 697 4205 puella
720 4138 761 4190 rel
786 4149 884 4205 poenaa
904 4137 957 4192 loct
981 4136 1136 4206 eaperblae,
1166 4141 1196 4189 ut
1216 4134 1316 4188 utrovir
