<?xml version="1.0" encoding="UTF-8"?>
<!DOCTYPE html PUBLIC "-//W3C//DTD XHTML 1.0 Transitional//EN"
    "http://www.w3.org/TR/xhtml1/DTD/xhtml1-transitional.dtd">
<html xmlns="http://www.w3.org/1999/xhtml" xml:lang="en" lang="en">
 <head>
  <title>
</title>
<meta http-equiv="Content-Type" content="text/html;charset=utf-8" />
  <meta name='ocr-system' content='tesseract 3.04.00' />
  <meta name='ocr-capabilities' content='ocr_page ocr_carea ocr_par ocr_line ocrx_word'/>
</head>
<body>
  <div class='ocr_page' id='page_1' title='image "albiitibullicar00unkngoog_0008.png"; bbox 0 0 3009 4725; ppageno 0'>
   <div class='ocr_carea' id='block_1_1' title="bbox 268 3993 283 4031">
    <p class='ocr_par' dir='ltr' id='par_1_1' title="bbox 268 3993 283 4031">
     <span class='ocr_line' id='line_1_1' title="bbox 268 3993 283 4031; baseline 0 0"><span class='ocrx_word' id='word_1_1' title='bbox 268 3993 283 4031; x_wconf 67' lang='grc' dir='ltr'><em>Ο</em></span> 
     </span>
    </p>
   </div>
   <div class='ocr_carea' id='block_1_2' title="bbox 344 452 376 491">
    <p class='ocr_par' dir='ltr' id='par_1_2' title="bbox 344 452 376 491">
     <span class='ocr_line' id='line_1_2' title="bbox 344 452 376 491; baseline 0.031 -1"><span class='ocrx_word' id='word_1_2' title='bbox 344 452 376 491; x_wconf 88' lang='lat' dir='ltr'><strong>tv</strong></span> 
     </span>
    </p>
   </div>
   <div class='ocr_carea' id='block_1_3' title="bbox 346 594 1368 682">
    <p class='ocr_par' dir='ltr' id='par_1_3' title="bbox 346 594 1368 682">
     <span class='ocr_line' id='line_1_3' title="bbox 346 594 1368 682; baseline 0.014 -22"><span class='ocrx_word' id='word_1_3' title='bbox 346 596 423 682; x_wconf 88' lang='lat' dir='ltr'><strong>quid</strong></span> <span class='ocrx_word' id='word_1_4' title='bbox 449 594 583 662; x_wconf 88' lang='lat' dir='ltr'><strong>meditor</strong></span> <span class='ocrx_word' id='word_1_5' title='bbox 610 611 642 661; x_wconf 87' lang='lat' dir='ltr'><strong>et</strong></span> <span class='ocrx_word' id='word_1_6' title='bbox 671 599 774 664; x_wconf 86' lang='lat' dir='ltr'><strong>scribo</strong></span> <span class='ocrx_word' id='word_1_7' title='bbox 796 620 873 682; x_wconf 90' lang='lat' dir='ltr'><strong>prae</strong></span> <span class='ocrx_word' id='word_1_8' title='bbox 903 604 1012 666; x_wconf 87' lang='lat' dir='ltr'><strong>ceteris</strong></span> <span class='ocrx_word' id='word_1_9' title='bbox 1043 604 1083 667; x_wconf 87' lang='lat' dir='ltr'><strong>ab</strong></span> <span class='ocrx_word' id='word_1_10' title='bbox 1108 606 1231 672; x_wconf 84' lang='lat' dir='ltr'><strong>amicis:</strong></span> <span class='ocrx_word' id='word_1_11' title='bbox 1265 610 1314 673; x_wconf 85' lang='lat' dir='ltr'><strong>his</strong></span> <span class='ocrx_word' id='word_1_12' title='bbox 1342 611 1368 674; x_wconf 87' lang='lat' dir='ltr'><strong>si</strong></span> 
     </span>
    </p>
   </div>
   <div class='ocr_carea' id='block_1_4' title="bbox 342 739 1368 1119">
    <p class='ocr_par' dir='ltr' id='par_1_4' title="bbox 342 739 1368 1119">
     <span class='ocr_line' id='line_1_4' title="bbox 345 739 1368 836; baseline 0.012 -33"><span class='ocrx_word' id='word_1_13' title='bbox 345 739 420 826; x_wconf 90' lang='lat' dir='ltr'><strong>quid</strong></span> <span class='ocrx_word' id='word_1_14' title='bbox 443 744 560 824; x_wconf 88' lang='lat' dir='ltr'><strong>placet,</strong></span> <span class='ocrx_word' id='word_1_15' title='bbox 589 742 724 806; x_wconf 83' lang='lat' dir='ltr'><strong>maxime</strong></span> <span class='ocrx_word' id='word_1_16' title='bbox 745 745 861 822; x_wconf 85' lang='lat' dir='ltr'><strong>laetor,</strong></span> <span class='ocrx_word' id='word_1_17' title='bbox 881 744 920 807; x_wconf 92' lang='lat' dir='ltr'><strong>ab</strong></span> <span class='ocrx_word' id='word_1_18' title='bbox 941 743 990 807; x_wconf 88' lang='lat' dir='ltr'><strong>his</strong></span> <span class='ocrx_word' id='word_1_19' title='bbox 1012 744 1090 830; x_wconf 90' lang='lat' dir='ltr'><strong>quid</strong></span> <span class='ocrx_word' id='word_1_20' title='bbox 1111 753 1282 814; x_wconf 79' lang='lat' dir='ltr'>erraverim</span> <span class='ocrx_word' id='word_1_21' title='bbox 1302 755 1368 836; x_wconf 89' lang='lat' dir='ltr'><strong>pri-</strong></span> 
     </span>
     <span class='ocr_line' id='line_1_5' title="bbox 344 890 1367 983; baseline 0.012 -31"><span class='ocrx_word' id='word_1_22' title='bbox 344 911 432 952; x_wconf 91' lang='lat' dir='ltr'><strong>mum</strong></span> <span class='ocrx_word' id='word_1_23' title='bbox 453 890 576 953; x_wconf 87' lang='lat' dir='ltr'><strong>moneri</strong></span> <span class='ocrx_word' id='word_1_24' title='bbox 598 903 629 953; x_wconf 89' lang='lat' dir='ltr'><strong>et</strong></span> <span class='ocrx_word' id='word_1_25' title='bbox 650 890 755 954; x_wconf 75' lang='lat' dir='ltr'><strong>doceri</strong></span> <span class='ocrx_word' id='word_1_26' title='bbox 776 890 878 971; x_wconf 88' lang='lat' dir='ltr'><strong>cupio.</strong></span> <span class='ocrx_word' id='word_1_27' title='bbox 921 892 969 953; x_wconf 92' lang='lat' dir='ltr'><strong>lta</strong></span> <span class='ocrx_word' id='word_1_28' title='bbox 985 893 1079 957; x_wconf 88' lang='lat' dir='ltr'><strong>etiam</strong></span> <span class='ocrx_word' id='word_1_29' title='bbox 1100 916 1185 959; x_wconf 89' lang='lat' dir='ltr'><strong>nunc</strong></span> <span class='ocrx_word' id='word_1_30' title='bbox 1200 921 1294 983; x_wconf 89' lang='lat' dir='ltr'><strong>quam</strong></span> <span class='ocrx_word' id='word_1_31' title='bbox 1313 924 1367 965; x_wconf 87' lang='lat' dir='ltr'><strong>ve·</strong></span> 
     </span>
     <span class='ocr_line' id='line_1_6' title="bbox 342 1029 1367 1119; baseline 0.01 -24"><span class='ocrx_word' id='word_1_32' title='bbox 342 1032 398 1097; x_wconf 90' lang='lat' dir='ltr'><strong>lim</strong></span> <span class='ocrx_word' id='word_1_33' title='bbox 419 1032 522 1096; x_wconf 89' lang='lat' dir='ltr'><strong>Vobis</strong></span> <span class='ocrx_word' id='word_1_34' title='bbox 542 1054 582 1094; x_wconf 89' lang='lat' dir='ltr'><strong>ne</strong></span> <span class='ocrx_word' id='word_1_35' title='bbox 603 1030 763 1113; x_wconf 70' lang='lat' dir='ltr'>displiceat</span> <span class='ocrx_word' id='word_1_36' title='bbox 783 1029 882 1111; x_wconf 87' lang='lat' dir='ltr'><strong>liber,</strong></span> <span class='ocrx_word' id='word_1_37' title='bbox 903 1052 995 1114; x_wconf 91' lang='lat' dir='ltr'><strong>quem</strong></span> <span class='ocrx_word' id='word_1_38' title='bbox 1018 1031 1094 1097; x_wconf 88' lang='lat' dir='ltr'><strong>edo!</strong></span> <span class='ocrx_word' id='word_1_39' title='bbox 1122 1036 1264 1119; x_wconf 85' lang='lat' dir='ltr'><strong>Agedum</strong></span> <span class='ocrx_word' id='word_1_40' title='bbox 1287 1045 1367 1107; x_wconf 88' lang='lat' dir='ltr'><strong>acci·</strong></span> 
     </span>
    </p>
   </div>
   <div class='ocr_carea' id='block_1_5' title="bbox 344 1173 1366 1263">
    <p class='ocr_par' dir='ltr' id='par_1_5' title="bbox 344 1173 1366 1263">
     <span class='ocr_line' id='line_1_7' title="bbox 344 1173 1366 1263; baseline 0.008 -25"><span class='ocrx_word' id='word_1_41' title='bbox 344 1177 408 1260; x_wconf 93' lang='lat' dir='ltr'><strong>pite</strong></span> <span class='ocrx_word' id='word_1_42' title='bbox 432 1174 506 1260; x_wconf 89' lang='lat' dir='ltr'><strong>quid</strong></span> <span class='ocrx_word' id='word_1_43' title='bbox 522 1173 635 1254; x_wconf 83' lang='lat' dir='ltr'><strong>egerim</strong></span> <span class='ocrx_word' id='word_1_44' title='bbox 657 1185 711 1235; x_wconf 90' lang='lat' dir='ltr'><strong>aut</strong></span> <span class='ocrx_word' id='word_1_45' title='bbox 722 1173 878 1237; x_wconf 83' lang='lat' dir='ltr'><strong>voluerim</strong></span> <span class='ocrx_word' id='word_1_46' title='bbox 901 1197 1002 1255; x_wconf 89' lang='lat' dir='ltr'><strong>agere.</strong></span> <span class='ocrx_word' id='word_1_47' title='bbox 1044 1178 1119 1241; x_wconf 91' lang='lat' dir='ltr'><strong>Post</strong></span> <span class='ocrx_word' id='word_1_48' title='bbox 1134 1182 1286 1263; x_wconf 82' lang='lat' dir='ltr'><strong>egregiam</strong></span> <span class='ocrx_word' id='word_1_49' title='bbox 1304 1184 1366 1248; x_wconf 87' lang='lat' dir='ltr'><strong>Ca·</strong></span> 
     </span>
    </p>
   </div>
   <div class='ocr_carea' id='block_1_6' title="bbox 340 1297 1366 2262">
    <p class='ocr_par' dir='ltr' id='par_1_6' title="bbox 340 1297 1366 2262">
     <span class='ocr_line' id='line_1_8' title="bbox 343 1297 1365 1406; baseline 0.013 -28"><span class='ocrx_word' id='word_1_50' title='bbox 343 1317 405 1378; x_wconf 92' lang='lat' dir='ltr'><strong>roli</strong></span> <span class='ocrx_word' id='word_1_51' title='bbox 436 1312 630 1376; x_wconf 83' lang='lat' dir='ltr'><strong>Lachmanni</strong></span> <span class='ocrx_word' id='word_1_52' title='bbox 660 1313 876 1378; x_wconf 80' lang='lat' dir='ltr'><strong>recensionem</strong></span> <span class='ocrx_word' id='word_1_53' title='bbox 908 1318 1124 1404; x_wconf 80' lang='lat' dir='ltr'><strong>maximopere</strong></span> <span class='ocrx_word' id='word_1_54' title='bbox 1156 1323 1281 1406; x_wconf 84' lang='lat' dir='ltr'><strong>impulit</strong></span> <span class='ocrx_word' id='word_1_55' title='bbox 1313 1297 1365 1391; x_wconf 87' lang='lat' dir='ltr'><strong>me</strong></span> 
     </span>
     <span class='ocr_line' id='line_1_9' title="bbox 344 1457 1365 1548; baseline 0.012 -29"><span class='ocrx_word' id='word_1_56' title='bbox 344 1457 483 1537; x_wconf 88' lang='lat' dir='ltr'><strong>animus,</strong></span> <span class='ocrx_word' id='word_1_57' title='bbox 510 1469 545 1519; x_wconf 90' lang='lat' dir='ltr'><strong>ut</strong></span> <span class='ocrx_word' id='word_1_58' title='bbox 567 1479 695 1541; x_wconf 89' lang='lat' dir='ltr'><strong>operam</strong></span> <span class='ocrx_word' id='word_1_59' title='bbox 717 1479 818 1521; x_wconf 90' lang='lat' dir='ltr'><strong>meam</strong></span> <span class='ocrx_word' id='word_1_60' title='bbox 835 1460 867 1522; x_wconf 92' lang='lat' dir='ltr'><strong>in</strong></span> <span class='ocrx_word' id='word_1_61' title='bbox 890 1459 1148 1543; x_wconf 75' lang='lat' dir='ltr'><strong>interpretatione</strong></span> <span class='ocrx_word' id='word_1_62' title='bbox 1170 1467 1234 1530; x_wconf 91' lang='lat' dir='ltr'><strong>cari</strong></span> <span class='ocrx_word' id='word_1_63' title='bbox 1254 1482 1365 1548; x_wconf 90' lang='lat' dir='ltr'><strong>poetae</strong></span> 
     </span>
     <span class='ocr_line' id='line_1_10' title="bbox 342 1606 1366 1692; baseline 0.015 -30"><span class='ocrx_word' id='word_1_64' title='bbox 342 1622 509 1684; x_wconf 89' lang='lat' dir='ltr'><strong>ponerem,</strong></span> <span class='ocrx_word' id='word_1_65' title='bbox 542 1624 638 1687; x_wconf 82' lang='lat' dir='ltr'><strong>quam</strong></span> <span class='ocrx_word' id='word_1_66' title='bbox 666 1616 698 1672; x_wconf 83' lang='lat' dir='ltr'><strong>et</strong></span> <span class='ocrx_word' id='word_1_67' title='bbox 724 1606 826 1688; x_wconf 89' lang='lat' dir='ltr'><strong>ipsam</strong></span> <span class='ocrx_word' id='word_1_68' title='bbox 852 1607 1071 1672; x_wconf 74' lang='lat' dir='ltr'><strong>emendatione</strong></span> <span class='ocrx_word' id='word_1_69' title='bbox 1099 1631 1189 1692; x_wconf 86' lang='lat' dir='ltr'><strong>egere</strong></span> <span class='ocrx_word' id='word_1_70' title='bbox 1210 1611 1366 1677; x_wconf 84' lang='lat' dir='ltr'><strong>videbam.</strong></span> 
     </span>
     <span class='ocr_line' id='line_1_11' title="bbox 341 1745 1366 1830; baseline 0.007 -21"><span class='ocrx_word' id='word_1_71' title='bbox 341 1746 445 1830; x_wconf 81' lang='lat' dir='ltr'><strong>Atque</strong></span> <span class='ocrx_word' id='word_1_72' title='bbox 466 1747 527 1810; x_wconf 91' lang='lat' dir='ltr'><strong>hoc</strong></span> <span class='ocrx_word' id='word_1_73' title='bbox 548 1747 618 1810; x_wconf 90' lang='lat' dir='ltr'><strong>feci.</strong></span> <span class='ocrx_word' id='word_1_74' title='bbox 670 1745 796 1829; x_wconf 87' lang='lat' dir='ltr'><strong>Sequor</strong></span> <span class='ocrx_word' id='word_1_75' title='bbox 818 1747 913 1829; x_wconf 89' lang='lat' dir='ltr'><strong>igitur</strong></span> <span class='ocrx_word' id='word_1_76' title='bbox 932 1749 1147 1815; x_wconf 74' lang='lat' dir='ltr'><strong>recensionem</strong></span> <span class='ocrx_word' id='word_1_77' title='bbox 1169 1752 1366 1817; x_wconf 84' lang='lat' dir='ltr'><strong>Lachmanni</strong></span> 
     </span>
     <span class='ocr_line' id='line_1_12' title="bbox 341 1887 1363 1972; baseline 0.008 -22"><span class='ocrx_word' id='word_1_78' title='bbox 341 1890 416 1966; x_wconf 90' lang='lat' dir='ltr'><strong>mei,</strong></span> <span class='ocrx_word' id='word_1_79' title='bbox 451 1888 513 1952; x_wconf 90' lang='lat' dir='ltr'><strong>nisi</strong></span> <span class='ocrx_word' id='word_1_80' title='bbox 538 1887 625 1972; x_wconf 90' lang='lat' dir='ltr'><strong>quod</strong></span> <span class='ocrx_word' id='word_1_81' title='bbox 652 1890 769 1972; x_wconf 90' lang='lat' dir='ltr'><strong>passim</strong></span> <span class='ocrx_word' id='word_1_82' title='bbox 797 1888 942 1969; x_wconf 87' lang='lat' dir='ltr'><strong>discessi,</strong></span> <span class='ocrx_word' id='word_1_83' title='bbox 982 1904 1013 1956; x_wconf 89' lang='lat' dir='ltr'><strong>et</strong></span> <span class='ocrx_word' id='word_1_84' title='bbox 1042 1897 1161 1959; x_wconf 85' lang='lat' dir='ltr'><strong>mutavi</strong></span> <span class='ocrx_word' id='word_1_85' title='bbox 1192 1899 1363 1960; x_wconf 83' lang='lat' dir='ltr'><strong>nonnullos</strong></span> 
     </span>
     <span class='ocr_line' id='line_1_13' title="bbox 340 2036 1363 2123; baseline 0.009 -26"><span class='ocrx_word' id='word_1_86' title='bbox 340 2036 445 2114; x_wconf 86' lang='lat' dir='ltr'><strong>locos,</strong></span> <span class='ocrx_word' id='word_1_87' title='bbox 472 2038 528 2100; x_wconf 91' lang='lat' dir='ltr'><strong>ubi</strong></span> <span class='ocrx_word' id='word_1_88' title='bbox 550 2036 625 2122; x_wconf 88' lang='lat' dir='ltr'><strong>quid</strong></span> <span class='ocrx_word' id='word_1_89' title='bbox 648 2039 822 2119; x_wconf 91' lang='lat' dir='ltr'><strong>genuinum</strong></span> <span class='ocrx_word' id='word_1_90' title='bbox 847 2052 942 2118; x_wconf 87' lang='lat' dir='ltr'><strong>esset,</strong></span> <span class='ocrx_word' id='word_1_91' title='bbox 965 2041 1020 2105; x_wconf 82' lang='lat' dir='ltr'><strong>vix</strong></span> <span class='ocrx_word' id='word_1_92' title='bbox 1045 2039 1183 2104; x_wconf 89' lang='lat' dir='ltr'><strong>dubitari</strong></span> <span class='ocrx_word' id='word_1_93' title='bbox 1202 2061 1294 2123; x_wconf 87' lang='lat' dir='ltr'><strong>posse</strong></span> <span class='ocrx_word' id='word_1_94' title='bbox 1315 2042 1363 2106; x_wconf 82' lang='lat' dir='ltr'><strong>vi·</strong></span> 
     </span>
     <span class='ocr_line' id='line_1_14' title="bbox 341 2177 1363 2262; baseline 0.007 -23"><span class='ocrx_word' id='word_1_95' title='bbox 341 2177 487 2250; x_wconf 80' lang='lat' dir='ltr'><strong>deretur:</strong></span> <span class='ocrx_word' id='word_1_96' title='bbox 510 2178 549 2240; x_wconf 91' lang='lat' dir='ltr'><strong>de</strong></span> <span class='ocrx_word' id='word_1_97' title='bbox 573 2178 720 2241; x_wconf 89' lang='lat' dir='ltr'><strong>universa</strong></span> <span class='ocrx_word' id='word_1_98' title='bbox 740 2200 817 2242; x_wconf 87' lang='lat' dir='ltr'><strong>vero</strong></span> <span class='ocrx_word' id='word_1_99' title='bbox 833 2179 966 2242; x_wconf 90' lang='lat' dir='ltr'><strong>lectione</strong></span> <span class='ocrx_word' id='word_1_100' title='bbox 986 2192 1021 2243; x_wconf 88' lang='lat' dir='ltr'><strong>ut</strong></span> <span class='ocrx_word' id='word_1_101' title='bbox 1042 2181 1187 2262; x_wconf 86' lang='lat' dir='ltr'><strong>habetur,</strong></span> <span class='ocrx_word' id='word_1_102' title='bbox 1208 2182 1246 2244; x_wconf 87' lang='lat' dir='ltr'><strong>ad</strong></span> <span class='ocrx_word' id='word_1_103' title='bbox 1261 2183 1363 2246; x_wconf 87' lang='lat' dir='ltr'><strong>Lach-</strong></span> 
     </span>
    </p>
   </div>
   <div class='ocr_carea' id='block_1_7' title="bbox 338 2323 1362 2409">
    <p class='ocr_par' dir='ltr' id='par_1_7' title="bbox 338 2323 1362 2409">
     <span class='ocr_line' id='line_1_15' title="bbox 338 2323 1362 2409; baseline 0.007 -25"><span class='ocrx_word' id='word_1_104' title='bbox 338 2323 447 2384; x_wconf 89' lang='lat' dir='ltr'><strong>manni</strong></span> <span class='ocrx_word' id='word_1_105' title='bbox 468 2324 586 2386; x_wconf 91' lang='lat' dir='ltr'><strong>librum</strong></span> <span class='ocrx_word' id='word_1_106' title='bbox 608 2324 711 2404; x_wconf 87' lang='lat' dir='ltr'><strong>relego</strong></span> <span class='ocrx_word' id='word_1_107' title='bbox 735 2324 899 2405; x_wconf 88' lang='lat' dir='ltr'><strong>lectorem,</strong></span> <span class='ocrx_word' id='word_1_108' title='bbox 929 2324 985 2409; x_wconf 89' lang='lat' dir='ltr'><strong>qui</strong></span> <span class='ocrx_word' id='word_1_109' title='bbox 1006 2326 1197 2390; x_wconf 71' lang='lat' dir='ltr'><strong>recensionis</strong></span> <span class='ocrx_word' id='word_1_110' title='bbox 1218 2346 1293 2391; x_wconf 88' lang='lat' dir='ltr'><strong>suae</strong></span> <span class='ocrx_word' id='word_1_111' title='bbox 1309 2349 1362 2391; x_wconf 91' lang='lat' dir='ltr'><strong>ra·</strong></span> 
     </span>
    </p>
   </div>
   <div class='ocr_carea' id='block_1_8' title="bbox 338 2468 1462 2551">
    <p class='ocr_par' dir='ltr' id='par_1_8' title="bbox 338 2468 1462 2551">
     <span class='ocr_line' id='line_1_16' title="bbox 338 2468 1462 2551; baseline 0.004 -23"><span class='ocrx_word' id='word_1_112' title='bbox 338 2468 457 2530; x_wconf 88' lang='lat' dir='ltr'><strong>tionem</strong></span> <span class='ocrx_word' id='word_1_113' title='bbox 471 2481 612 2532; x_wconf 90' lang='lat' dir='ltr'><strong>accurate</strong></span> <span class='ocrx_word' id='word_1_114' title='bbox 627 2472 773 2551; x_wconf 87' lang='lat' dir='ltr'><strong>exposuit</strong></span> <span class='ocrx_word' id='word_1_115' title='bbox 786 2486 815 2535; x_wconf 91' lang='lat' dir='ltr'><strong>et</strong></span> <span class='ocrx_word' id='word_1_116' title='bbox 829 2472 978 2536; x_wconf 89' lang='lat' dir='ltr'><strong>lectiones</strong></span> <span class='ocrx_word' id='word_1_117' title='bbox 993 2472 1147 2534; x_wconf 87' lang='lat' dir='ltr'><strong>librorum</strong></span> <span class='ocrx_word' id='word_1_118' title='bbox 1160 2491 1289 2533; x_wconf 89' lang='lat' dir='ltr'><strong>suorum</strong></span> <span class='ocrx_word' id='word_1_119' title='bbox 1302 2472 1361 2533; x_wconf 89' lang='lat' dir='ltr'><strong>sub</strong></span> <span class='ocrx_word' id='word_1_120' title='bbox 1461 2536 1462 2551; x_wconf 24' lang='lat' dir='ltr'><strong>p</strong></span> 
     </span>
    </p>
   </div>
   <div class='ocr_carea' id='block_1_9' title="bbox 339 2607 1462 2838">
    <p class='ocr_par' dir='ltr' id='par_1_9' title="bbox 339 2607 1462 2838">
     <span class='ocr_line' id='line_1_17' title="bbox 339 2607 1462 2692; baseline 0.002 -22"><span class='ocrx_word' id='word_1_121' title='bbox 339 2620 427 2671; x_wconf 90' lang='lat' dir='ltr'><strong>textu</strong></span> <span class='ocrx_word' id='word_1_122' title='bbox 447 2607 596 2674; x_wconf 75' lang='lat' dir='ltr'><strong>indicavit</strong></span> <span class='ocrx_word' id='word_1_123' title='bbox 617 2631 736 2675; x_wconf 90' lang='lat' dir='ltr'><strong>omnes.</strong></span> <span class='ocrx_word' id='word_1_124' title='bbox 779 2611 865 2675; x_wconf 86' lang='lat' dir='ltr'><strong>Haec</strong></span> <span class='ocrx_word' id='word_1_125' title='bbox 887 2609 982 2674; x_wconf 88' lang='lat' dir='ltr'><strong>editio</strong></span> <span class='ocrx_word' id='word_1_126' title='bbox 1004 2613 1165 2692; x_wconf 86' lang='lat' dir='ltr'><strong>praeclara</strong></span> <span class='ocrx_word' id='word_1_127' title='bbox 1186 2609 1305 2673; x_wconf 88' lang='lat' dir='ltr'><strong>dudum</strong></span> <span class='ocrx_word' id='word_1_128' title='bbox 1326 2611 1360 2672; x_wconf 91' lang='lat' dir='ltr'><strong>in</strong></span> <span class='ocrx_word' id='word_1_129' title='bbox 1461 2686 1462 2689; x_wconf 8' lang='grc' dir='ltr'><strong>Ἴ</strong></span> 
     </span>
     <span class='ocr_line' id='line_1_18' title="bbox 339 2752 1362 2838; baseline 0.001 -23"><span class='ocrx_word' id='word_1_130' title='bbox 339 2752 482 2816; x_wconf 86' lang='lat' dir='ltr'><strong>omnium</strong></span> <span class='ocrx_word' id='word_1_131' title='bbox 502 2755 648 2819; x_wconf 88' lang='lat' dir='ltr'><strong>manibus</strong></span> <span class='ocrx_word' id='word_1_132' title='bbox 667 2767 728 2837; x_wconf 84' lang='lat' dir='ltr'><strong>est3</strong></span> <span class='ocrx_word' id='word_1_133' title='bbox 750 2776 808 2838; x_wconf 86' lang='lat' dir='ltr'><strong>ego</strong></span> <span class='ocrx_word' id='word_1_134' title='bbox 827 2753 970 2836; x_wconf 85' lang='lat' dir='ltr'><strong>excerpsi</strong></span> <span class='ocrx_word' id='word_1_135' title='bbox 990 2752 1209 2818; x_wconf 88' lang='lat' dir='ltr'><strong>tautummodo</strong></span> <span class='ocrx_word' id='word_1_136' title='bbox 1226 2756 1362 2836; x_wconf 83' lang='lat' dir='ltr'><strong>potiora,</strong></span> 
     </span>
    </p>
   </div>
   <div class='ocr_carea' id='block_1_10' title="bbox 339 2876 1462 2980">
    <p class='ocr_par' dir='ltr' id='par_1_10' title="bbox 339 2876 1462 2980">
     <span class='ocr_line' id='line_1_19' title="bbox 339 2876 1462 2980; baseline 0.002 -22"><span class='ocrx_word' id='word_1_137' title='bbox 339 2909 374 2958; x_wconf 89' lang='lat' dir='ltr'><strong>ut</strong></span> <span class='ocrx_word' id='word_1_138' title='bbox 391 2895 441 2974; x_wconf 89' lang='lat' dir='ltr'><strong>fit,</strong></span> <span class='ocrx_word' id='word_1_139' title='bbox 463 2919 503 2961; x_wconf 86' lang='lat' dir='ltr'><strong>ex</strong></span> <span class='ocrx_word' id='word_1_140' title='bbox 521 2899 610 2964; x_wconf 80' lang='lat' dir='ltr'><strong>varia</strong></span> <span class='ocrx_word' id='word_1_141' title='bbox 628 2899 779 2977; x_wconf 87' lang='lat' dir='ltr'><strong>lectione,</strong></span> <span class='ocrx_word' id='word_1_142' title='bbox 800 2895 926 2959; x_wconf 89' lang='lat' dir='ltr'><strong>adiectis</strong></span> <span class='ocrx_word' id='word_1_143' title='bbox 941 2909 1046 2960; x_wconf 86' lang='lat' dir='ltr'><strong>tamen</strong></span> <span class='ocrx_word' id='word_1_144' title='bbox 1061 2896 1223 2980; x_wconf 84' lang='lat' dir='ltr'><strong>Excerptis</strong></span> <span class='ocrx_word' id='word_1_145' title='bbox 1240 2898 1361 2963; x_wconf 82' lang='lat' dir='ltr'><strong>Frisio-</strong></span> <span class='ocrx_word' id='word_1_146' title='bbox 1461 2876 1462 2881; x_wconf 8' lang='grc' dir='ltr'>ἵ</span> 
     </span>
    </p>
   </div>
   <div class='ocr_carea' id='block_1_11' title="bbox 336 3042 1462 3122">
    <p class='ocr_par' dir='ltr' id='par_1_11' title="bbox 336 3042 1462 3122">
     <span class='ocr_line' id='line_1_20' title="bbox 336 3042 1462 3122; baseline -0.001 -20"><span class='ocrx_word' id='word_1_147' title='bbox 336 3042 491 3122; x_wconf 73' lang='lat' dir='ltr'><strong>gentibus,</strong></span> <span class='ocrx_word' id='word_1_148' title='bbox 501 3065 624 3107; x_wconf 89' lang='lat' dir='ltr'><strong>mecum</strong></span> <span class='ocrx_word' id='word_1_149' title='bbox 635 3068 653 3107; x_wconf 98' lang='lat' dir='ltr'><strong>a</strong></span> <span class='ocrx_word' id='word_1_150' title='bbox 664 3043 868 3106; x_wconf 85' lang='lat' dir='ltr'><strong>Lachmanno</strong></span> <span class='ocrx_word' id='word_1_151' title='bbox 880 3043 1124 3120; x_wconf 84' lang='lat' dir='ltr'><strong>communicatis,</strong></span> <span class='ocrx_word' id='word_1_152' title='bbox 1136 3053 1273 3107; x_wconf 84' lang='lat' dir='ltr'><strong>ceterum</strong></span> <span class='ocrx_word' id='word_1_153' title='bbox 1287 3044 1361 3105; x_wconf 86' lang='lat' dir='ltr'><strong>bre·</strong></span> <span class='ocrx_word' id='word_1_154' title='bbox 1461 3096 1462 3101; x_wconf 73' lang='grc'>,</span> 
     </span>
    </p>
   </div>
   <div class='ocr_carea' id='block_1_12' title="bbox 333 3185 1360 4143">
    <p class='ocr_par' dir='ltr' id='par_1_12' title="bbox 333 3185 1360 4143">
     <span class='ocr_line' id='line_1_21' title="bbox 335 3185 1360 3271; baseline -0.002 -19"><span class='ocrx_word' id='word_1_155' title='bbox 335 3190 418 3252; x_wconf 75' lang='lat' dir='ltr'><strong>riter</strong></span> <span class='ocrx_word' id='word_1_156' title='bbox 435 3202 548 3252; x_wconf 90' lang='lat' dir='ltr'><strong>notans</strong></span> <span class='ocrx_word' id='word_1_157' title='bbox 564 3185 640 3271; x_wconf 87' lang='lat' dir='ltr'><strong>quid</strong></span> <span class='ocrx_word' id='word_1_158' title='bbox 657 3186 871 3269; x_wconf 88' lang='lat' dir='ltr'><strong>probandum,</strong></span> <span class='ocrx_word' id='word_1_159' title='bbox 896 3186 971 3271; x_wconf 82' lang='lat' dir='ltr'><strong>quid</strong></span> <span class='ocrx_word' id='word_1_160' title='bbox 988 3185 1215 3270; x_wconf 87' lang='lat' dir='ltr'><strong>spernendum,</strong></span> <span class='ocrx_word' id='word_1_161' title='bbox 1236 3187 1360 3271; x_wconf 86' lang='lat' dir='ltr'><strong>reliqua</strong></span> 
     </span>
     <span class='ocr_line' id='line_1_22' title="bbox 336 3326 1359 3413; baseline 0 -21"><span class='ocrx_word' id='word_1_162' title='bbox 336 3329 547 3413; x_wconf 85' lang='lat' dir='ltr'><strong>Explicationi</strong></span> <span class='ocrx_word' id='word_1_163' title='bbox 565 3348 747 3406; x_wconf 77' lang='lat' dir='ltr'><strong>reservans,</strong></span> <span class='ocrx_word' id='word_1_164' title='bbox 768 3330 824 3393; x_wconf 91' lang='lat' dir='ltr'><strong>ubi</strong></span> <span class='ocrx_word' id='word_1_165' title='bbox 845 3326 1000 3412; x_wconf 87' lang='lat' dir='ltr'><strong>quidquid</strong></span> <span class='ocrx_word' id='word_1_166' title='bbox 1023 3329 1136 3393; x_wconf 87' lang='lat' dir='ltr'><strong>harum</strong></span> <span class='ocrx_word' id='word_1_167' title='bbox 1158 3349 1266 3392; x_wconf 85' lang='lat' dir='ltr'><strong>rerum</strong></span> <span class='ocrx_word' id='word_1_168' title='bbox 1286 3350 1359 3392; x_wconf 89' lang='lat' dir='ltr'><strong>cum</strong></span> 
     </span>
     <span class='ocr_line' id='line_1_23' title="bbox 335 3471 1360 3557; baseline 0.004 -24"><span class='ocrx_word' id='word_1_169' title='bbox 335 3471 594 3554; x_wconf 87' lang='lat' dir='ltr'><strong>interpretatione</strong></span> <span class='ocrx_word' id='word_1_170' title='bbox 609 3473 822 3548; x_wconf 87' lang='lat' dir='ltr'><strong>coniunctum,</strong></span> <span class='ocrx_word' id='word_1_171' title='bbox 844 3471 989 3537; x_wconf 87' lang='lat' dir='ltr'><strong>disertius</strong></span> <span class='ocrx_word' id='word_1_172' title='bbox 1009 3475 1197 3557; x_wconf 88' lang='lat' dir='ltr'><strong>plerumque</strong></span> <span class='ocrx_word' id='word_1_173' title='bbox 1217 3472 1360 3537; x_wconf 80' lang='lat' dir='ltr'><strong>tractavi.</strong></span> 
     </span>
     <span class='ocr_line' id='line_1_24' title="bbox 334 3614 1360 3725; baseline 0.004 -50"><span class='ocrx_word' id='word_1_174' title='bbox 334 3614 386 3676; x_wconf 88' lang='lat' dir='ltr'><strong>De</strong></span> <span class='ocrx_word' id='word_1_175' title='bbox 407 3615 663 3696; x_wconf 73' lang='lat' dir='ltr'><strong>interpretatione</strong></span> <span class='ocrx_word' id='word_1_176' title='bbox 685 3630 790 3680; x_wconf 86' lang='lat' dir='ltr'><strong>autem</strong></span> <span class='ocrx_word' id='word_1_177' title='bbox 804 3639 880 3725; x_wconf 30' lang='lat' dir='ltr'><strong>‘mea</strong></span> <span class='ocrx_word' id='word_1_178' title='bbox 901 3619 964 3681; x_wconf 90' lang='lat' dir='ltr'><strong>iam</strong></span> <span class='ocrx_word' id='word_1_179' title='bbox 987 3619 1066 3682; x_wconf 84' lang='lat' dir='ltr'><strong>haec</strong></span> <span class='ocrx_word' id='word_1_180' title='bbox 1089 3614 1220 3679; x_wconf 89' lang='lat' dir='ltr'><strong>dicenda</strong></span> <span class='ocrx_word' id='word_1_181' title='bbox 1243 3615 1360 3679; x_wconf 86' lang='lat' dir='ltr'><strong>habeo.</strong></span> 
     </span>
     <span class='ocr_line' id='line_1_25' title="bbox 334 3748 1360 3843; baseline 0.003 -24"><span class='ocrx_word' id='word_1_182' title='bbox 334 3754 555 3823; x_wconf 70' lang='lat' dir='ltr'><strong>Recordamifli</strong></span> <span class='ocrx_word' id='word_1_183' title='bbox 575 3757 651 3842; x_wconf 86' lang='lat' dir='ltr'><strong>quid</strong></span> <span class='ocrx_word' id='word_1_184' title='bbox 672 3773 811 3824; x_wconf 89' lang='lat' dir='ltr'><strong>statuant</strong></span> <span class='ocrx_word' id='word_1_185' title='bbox 831 3748 926 3843; x_wconf 69' lang='lat' dir='ltr'><strong>reilgo</strong></span> <span class='ocrx_word' id='word_1_186' title='bbox 949 3760 988 3824; x_wconf 89' lang='lat' dir='ltr'><strong>de</strong></span> <span class='ocrx_word' id='word_1_187' title='bbox 1009 3760 1133 3824; x_wconf 89' lang='lat' dir='ltr'><strong>ratione</strong></span> <span class='ocrx_word' id='word_1_188' title='bbox 1152 3761 1267 3823; x_wconf 88' lang='lat' dir='ltr'><strong>horum</strong></span> <span class='ocrx_word' id='word_1_189' title='bbox 1290 3780 1360 3822; x_wconf 87' lang='lat' dir='ltr'><strong>ear·</strong></span> 
     </span>
     <span class='ocr_line' id='line_1_26' title="bbox 333 3870 1360 4001; baseline 0.004 -42"><span class='ocrx_word' id='word_1_190' title='bbox 333 3896 454 3961; x_wconf 88' lang='lat' dir='ltr'><strong>minum</strong></span> <span class='ocrx_word' id='word_1_191' title='bbox 463 3870 479 3976; x_wconf 37' lang='lat'><strong>‚⁸</strong></span> <span class='ocrx_word' id='word_1_192' title='bbox 493 3921 562 3964; x_wconf 89' lang='lat' dir='ltr'><strong>cum</strong></span> <span class='ocrx_word' id='word_1_193' title='bbox 586 3923 627 3964; x_wconf 89' lang='lat' dir='ltr'><strong>ne</strong></span> <span class='ocrx_word' id='word_1_194' title='bbox 649 3900 688 3965; x_wconf 91' lang='lat' dir='ltr'><strong>de</strong></span> <span class='ocrx_word' id='word_1_195' title='bbox 710 3902 866 3983; x_wconf 74' lang='lat' dir='ltr'><strong>scaligero</strong></span> <span class='ocrx_word' id='word_1_196' title='bbox 889 3903 1005 3981; x_wconf 91' lang='lat' dir='ltr'><strong>dicam,</strong></span> <span class='ocrx_word' id='word_1_197' title='bbox 1026 3902 1171 3986; x_wconf 85' lang='lat' dir='ltr'><strong>Heynius</strong></span> <span class='ocrx_word' id='word_1_198' title='bbox 1194 3902 1227 3965; x_wconf 91' lang='lat' dir='ltr'><strong>in</strong></span> <span class='ocrx_word' id='word_1_199' title='bbox 1251 3902 1360 4001; x_wconf 82' lang='lat' dir='ltr'><strong>multis</strong></span> 
     </span>
     <span class='ocr_line' id='line_1_27' title="bbox 333 4041 1359 4143; baseline 0.002 -40"><span class='ocrx_word' id='word_1_200' title='bbox 333 4041 506 4122; x_wconf 83' lang='lat' dir='ltr'><strong>fragmenta</strong></span> <span class='ocrx_word' id='word_1_201' title='bbox 527 4055 650 4109; x_wconf 90' lang='lat' dir='ltr'><strong>tantum</strong></span> <span class='ocrx_word' id='word_1_202' title='bbox 671 4065 731 4110; x_wconf 90' lang='lat' dir='ltr'><strong>nos</strong></span> <span class='ocrx_word' id='word_1_203' title='bbox 757 4061 866 4110; x_wconf 82' lang='lat' dir='ltr'><strong>tenere</strong></span> <span class='ocrx_word' id='word_1_204' title='bbox 887 4043 1069 4122; x_wconf 86' lang='lat' dir='ltr'><strong>crediderit,</strong></span> <span class='ocrx_word' id='word_1_205' title='bbox 1104 4044 1157 4106; x_wconf 88' lang='lat' dir='ltr'><strong>alii</strong></span> <span class='ocrx_word' id='word_1_206' title='bbox 1184 4041 1359 4143; x_wconf 70' lang='lat' dir='ltr'><strong>deleretint</strong></span> 
     </span>
    </p>
   </div>
   <div class='ocr_carea' id='block_1_13' title="bbox 333 4184 1359 4271">
    <p class='ocr_par' dir='ltr' id='par_1_13' title="bbox 333 4184 1359 4271">
     <span class='ocr_line' id='line_1_28' title="bbox 333 4184 1359 4271; baseline -0.004 -22"><span class='ocrx_word' id='word_1_207' title='bbox 333 4184 460 4269; x_wconf 88' lang='lat' dir='ltr'><strong>quidem</strong></span> <span class='ocrx_word' id='word_1_208' title='bbox 481 4188 665 4253; x_wconf 90' lang='lat' dir='ltr'><strong>lacunarum</strong></span> <span class='ocrx_word' id='word_1_209' title='bbox 695 4192 801 4271; x_wconf 81' lang='lat' dir='ltr'><strong>signa,</strong></span> <span class='ocrx_word' id='word_1_210' title='bbox 827 4208 930 4270; x_wconf 88' lang='lat' dir='ltr'><strong>neque</strong></span> <span class='ocrx_word' id='word_1_211' title='bbox 951 4200 1055 4251; x_wconf 88' lang='lat' dir='ltr'><strong>tamen</strong></span> <span class='ocrx_word' id='word_1_212' title='bbox 1084 4185 1234 4248; x_wconf 85' lang='lat' dir='ltr'><strong>unitatem</strong></span> <span class='ocrx_word' id='word_1_213' title='bbox 1256 4186 1359 4265; x_wconf 89' lang='lat' dir='ltr'><strong>poeti·</strong></span> 
     </span>
    </p>
   </div>
   <div class='ocr_carea' id='block_1_14' title="bbox 0 0 1510 4725">
    <p class='ocr_par' dir='ltr' id='par_1_14' title="bbox 0 0 1510 4725">
     <span class='ocr_line' id='line_1_29' title="bbox 0 0 1510 4725; baseline 0 4"><span class='ocrx_word' id='word_1_214' title='bbox 0 0 1510 4725; x_wconf 95' lang='lat' dir='ltr'><strong> </strong></span> 
     </span>
    </p>
   </div>
  </div>
 </body>
</html>
