3009 4725
495 283 605 347 LIBR.
628 284 681 345 ΙΙΙ.
722 280 846 348 ELEG.
868 281 923 344 lv.
1157 283 1217 343 ³5⁷

199 472 291 526 Busa.
309 463 343 519 nd
361 457 438 515 Ouid.
456 457 524 512 Met.
543 453 591 520 ΠΙ,
610 458 671 506 316.
708 452 829 505 Ceterum
855 450 927 505 rides
951 453 1054 520 poetarn
1079 447 1165 503 redire
1182 450 1216 502 ad

200 586 223 622 r.
242 571 286 621 ot.
322 560 456 629 Praecipit
481 558 593 610 maxime
619 568 710 623 preces
733 552 808 605 deus.
845 551 924 608 Quod
942 551 1083 620 interponit
1102 551 1135 604 de
1158 565 1215 604 scr·

201 666 265 720 vitio
281 679 330 717 suo
348 658 428 714 etde
447 657 579 710 laboribus
596 655 799 719 verberibusque
817 651 931 705 terendis
949 667 996 720 pro
1014 666 1111 718 aurore,
1129 651 1151 703 si
1169 666 1217 704 vo·

199 766 247 817 luit
264 763 375 815 aiterum
400 772 459 810 esse
477 770 530 822 quo
548 751 706 806 commoveri
724 749 833 802 deberet
851 748 969 814 Neaera,
993 748 1061 802 male
1084 747 1218 801 adornavit

200 866 284 913 totum
302 859 403 920 iocum,
432 854 477 921 qui
495 867 519 903 v.
539 853 584 902 63.
607 863 660 900 nou
678 847 755 898 iaciat
773 847 908 898 transitum
927 853 1048 914 tauquam
1071 844 1104 898 ad
1124 860 1218 898 secuu-

201 959 262 1013 dum
281 960 461 1027 praeceptum,
488 952 514 1002 in
532 950 584 1002 tine
601 953 687 1000 auteur
705 948 773 998 rusie
797 965 823 1014 p.
842 944 937 1012 Ergo
956 961 990 998 ex
1006 944 1219 998 antecedentibus

201 1056 309 1111 diversis
326 1055 404 1108 rebus
422 1051 455 1103 ad
473 1048 605 1117 superiora
623 1044 723 1098 redeat.
745 1071 781 1082 -
810 1043 904 1098 Quod
934 1045 963 1097 si
989 1060 1068 1098 vera
1092 1051 1218 1098 canunt

203 1163 255 1212 etc.
273 1155 297 1207 h.
314 1171 337 1207 e.
355 1151 446 1219 quodsi
465 1165 526 1201 vera
541 1153 601 1199 suut
617 1145 722 1200 oracula
740 1143 766 1195 in
784 1143 888 1210 teurpiis
904 1142 970 1195 meis
989 1149 1098 1210 cantata,
1116 1146 1139 1197 si
1156 1161 1218 1198 vera

204 1254 325 1325 praedico
352 1252 416 1303 olias
442 1245 605 1309 homiuibus,
631 1257 721 1294 rerum
746 1243 822 1293 etiam
849 1237 898 1291 hoc
924 1239 994 1305 quod
1018 1239 1101 1293 dicum
1127 1240 1221 1293 lrabeat

205 1353 323 1414 Neaera,
351 1365 373 1403 a.
391 1361 468 1412 quum
491 1359 553 1395 vera
570 1345 630 1393 sunt
648 1338 755 1392 oracuin
775 1341 864 1390 nostru
883 1337 910 1388 iu
929 1339 1034 1406 templis
1056 1337 1139 1404 edita,
1166 1343 1220 1391 tata

205 1467 295 1506 rerum
321 1449 399 1503 etiam
425 1445 474 1498 hoc
499 1442 569 1511 quod
595 1441 715 1495 Neaerae
739 1439 837 1491 nuntio.
874 1436 1074 1494 credideram
1092 1455 1154 1492 raro
1170 1440 1221 1492 inm

206 1568 285 1622 snpra
309 1548 387 1602 deum
411 1547 474 1598 satis
497 1559 626 1613 superque
651 1543 685 1596 de
709 1540 865 1594 auctoritate
889 1552 938 1589 sue
962 1536 1073 1589 dixisset
1109 1535 1222 1591 Omnino

206 1655 294 1721 inepta
312 1648 447 1703 sententie.
465 1673 501 1684 -
526 1644 627 1697 uarix
645 1640 723 1706 hoc,
741 1639 798 1692 scii.
816 1635 953 1703 coniugio,
970 1641 1001 1687 ut
1018 1636 1100 1688 Orto·
1118 1633 1168 1702 Ep.
1188 1649 1222 1687 ex

207 1757 293 1810 Ponto
309 1752 356 1818 lv,
376 1754 417 1815 11,
434 1750 479 1800 33.
515 1746 657 1798 iunxerunt
680 1743 717 1795 ita
742 1742 896 1792 sicanus
922 1736 956 1788 ad
976 1736 1107 1804 spartian.
1126 1751 1152 1803 p.
1168 1737 1223 1801 sl„

206 1854 384 1916 Husonrrus,
413 1848 610 1900 Ercusraurus.
655 1838 785 1893 Solemnis
810 1835 909 1906 phrasis
930 1831 1003 1907 felix
1033 1831 1159 1902 coniuge,
1189 1831 1222 1884 cf.

208 1953 324 2006 Grsuro.
343 1948 376 2002 ad
394 1947 504 2000 hictum.
519 1942 569 2009 lX,
585 1943 647 1992 333.
665 1964 701 1976 -

279 2047 428 2108 V.81-sd
452 2047 539 2099 finem.
575 2040 712 2093 Exitus.
748 2035 861 2103 Negat
889 2037 994 2103 poeta
1020 2046 1055 2085 se
1082 2030 1223 2085 credero

208 2169 311 2223 posse
328 2166 399 2205 rem
423 2153 456 2201 et
478 2149 607 2199 tantum
625 2136 872 2193 crudelitatem
895 2134 1052 2187 tribuere
1076 2131 1225 2201 puellae,

209 2271 293 2321 quoe
310 2270 373 2307 noa
396 2247 559 2304 monstris
581 2241 788 2297 immunibus
812 2243 892 2291 nuto
915 2238 976 2302 sit,
1002 2235 1062 2289 sed
1084 2233 1225 2287 mitissi-

209 2352 271 2403 mis
297 2348 515 2419 parentibus,
542 2347 689 2410 oretque
713 2339 839 2392 iterum
865 2334 964 2404 deon,
989 2334 1080 2391 utin
1105 2333 1226 2388 melius

211 2450 351 2500 vertant
374 2445 458 2497 haec
481 2444 621 2495 somnis.

282 2546 316 2600 V.
333 2548 367 2596 et
386 2558 443 2610 sqq.
471 2542 627 2608 ignavus.
663 2537 834 2592 Notissimum
862 2533 994 2603 epitheton
1018 2533 1117 2599 somni,
1146 2534 1228 2586 0r1u.

212 2646 278 2701 Mer.
297 2644 346 2709 XI,
364 2646 425 2696 533.
469 2641 543 2693 Bene
561 2654 624 2691 vero
642 2636 759 2691 defendit
778 2633 941 2687 Huscurrrus
960 2630 1083 2682 librorum
1102 2630 1228 2697 phorimo-

213 2763 269 2800 runr
297 2744 434 2799 tectionem
458 2752 623 2808 corpore3
650 2737 699 2789 etsi
718 2735 785 2788 enim
803 2745 907 2784 somnus
925 2726 994 2780 aiias'
1010 2740 1135 2793 corpora,
1163 2727 1228 2778 alies

213 2852 321 2914 pectora
347 2857 475 2910 occupare
502 2840 612 2905 dicitur,
640 2839 756 2891 Vrucru.
785 2837 850 2887 hen.
875 2831 922 2895 iv,
947 2830 1008 2903 533
1037 2827 1096 2878 Cui.
1113 2830 1177 2880 205.
1203 2831 1231 2877 et

215 2943 277 2996 ibid.
295 2946 356 3008 92,
377 2944 438 2995 159.
462 2937 571 2992 Heroid.
589 2935 689 3001 xviri,
707 2938 768 2998 2¹1„
784 2946 852 2984 nuuc
871 2935 956 2981 tamea
973 2925 1077 2992 ignaria
1094 2922 1126 2974 ad
1146 2927 1230 2976 totum

214 3059 309 3112 corpus
328 3041 448 3110 pertinet
483 3038 568 3092 Dicite
597 3043 677 3103 atque
695 3050 746 3101 ego
765 3034 868 3087 solutus
886 3030 1012 3094 languore
1030 3019 1230 3091 expergefactus

214 3156 279 3194 sum.
313 3148 418 3209 pectore
436 3138 529 3207 probat
548 3136 757 3197 Ercusuunrus3
780 3135 885 3198 poetam
906 3140 958 3179 aon
976 3121 1157 3176 reformidasse
1172 3133 1232 3172 sao-

215 3242 272 3309 pius
291 3247 411 3309 repetere
427 3239 495 3292 idern
514 3238 631 3290 verbum.
648 3261 686 3273 -
705 3230 866 3284 detinuit
901 3226 966 3279 Este
989 3222 1075 3288 abire,
1094 3220 1233 3286 excedere,

213 3357 387 3406 evanescere,
415 3339 521 3409 proprie
549 3342 576 3388 et
601 3335 719 3402 tropice,
745 3333 888 3384 Prorsus.
915 3326 937 3389 1,
961 3327 1006 3388 20,
1032 3325 1058 3374 2.
1096 3323 1232 3374 Sarsura.

210 3438 331 3510 Iugurth.
352 3442 395 3504 1⁰,
413 3443 457 3491 61.
485 3434 596 3487 Heauu.
614 3430 699 3497 Epist.
718 3427 753 3491 11,
773 3430 800 3492 l,
819 3428 879 3476 138.
915 3422 951 3474 Et
969 3420 1058 3480 confer
1083 3435 1098 3472 e
1123 3416 1232 3472 Graecis

212 3537 349 3608 ιῖιωῤῥειν,
376 3536 499 3607 ἐκρυῆναι
523 3547 565 3599 ap.
591 3528 725 3580 Biuururr
752 3522 786 3576 ad
812 3520 944 3576 Plutarch.
971 3518 1065 3587 Pyrrh.
1089 3534 1150 3586 pag.
1170 3518 1234 3568 339.

213 3638 291 3691 Nunc
308 3638 414 3703 quidem
433 3635 549 3705 defluere
566 3631 662 3683 dicitur
681 3638 787 3682 somnne
804 3630 898 3693 sponte
916 3622 1026 3687 cedens,
1047 3625 1138 3672 contro
1153 3632 1234 3666 excu-

216 3734 289 3782 rirnr
307 3735 351 3799 qui
369 3736 506 3802 repentino
524 3730 636 3798 strepitu
653 3724 824 3795 abrumpitur.
842 3745 879 3758 ·-
904 3716 975 3768 Nee
998 3715 1063 3766 tibi
1081 3709 1237 3766 credide·

218 3829 279 3879 rim
296 3829 354 3879 scii·
370 3844 437 3897 esse,
454 3831 525 3899 qaod
545 3838 585 3885 est
602 3845 618 3883 e
636 3827 755 3896 sequenti
773 3823 858 3877 inesse
876 3810 1040 3869 eliciendum.
1074 3812 1129 3865 Pro
1146 3809 1239 3861 rotis

219 3924 623 3988 normannorumque,
645 3931 725 3987 veluti
751 3931 897 3989 Honorino
915 3917 1041 3966 m⁰¹¹²¹1i0
1059 3912 1201 3966 Ρ110111111·
1218 3907 1242 3973 Ῑ,

220 4030 246 4089 b,
264 4030 292 4081 9.
311 4024 457 4083 nostriset
474 4031 544 4084 roris
561 4038 747 4105 permutantur,
785 4030 853 4093 Mox
873 4021 1023 4093 pociora
1041 4021 1102 4071 tuo
1123 4015 1245 4067 inesse.
