3009 4725
333 442 375 483 ax
741 421 800 483 DE
822 417 942 486 POESI

331 590 413 654 vitae
433 587 468 652 in
490 590 626 653 carmine
649 588 690 652 ad
704 589 919 668 Messalinum,
941 600 976 651 ut
998 591 1086 653 nullo
1110 603 1248 673 tempore
1270 592 1352 654 vitae

331 703 467 783 coniugii
488 705 537 766 sui
558 702 744 780 felicitatem,
766 702 795 765 si
814 715 946 765 amasset
965 701 1131 783 Neaeram,
1151 705 1195 766 sic
1214 704 1353 785 potuerit

330 819 493 898 seiungere
521 840 540 879 a
567 816 652 880 ruris
679 816 757 881 otio.
806 820 976 881 Enimvero
1005 818 1126 880 clareins
1153 829 1198 880 est
1226 815 1351 900 Lygda-

329 949 415 993 mum
443 933 589 1012 ignorare
618 953 713 1009 rura,
740 931 910 1011 religiones
939 944 1090 1012 agrestes,
1123 930 1223 993 Lares
1252 930 1352 994 avitos

327 1047 465 1128 praedii,
497 1067 555 1110 nec
585 1046 759 1131 quidquem
791 1049 901 1110 talium
930 1068 1080 1111 sensuum
1109 1050 1143 1110 in
1176 1068 1215 1110 eo
1244 1047 1353 1110 fuisses

326 1164 372 1225 Ac
401 1183 473 1225 cum
501 1161 647 1226 Tibullus
675 1161 905 1244 simplicitatem
932 1163 1015 1225 vitae
1044 1173 1207 1244 tantopere
1237 1159 1351 1240 diligat,

326 1289 424 1340 tentat
444 1274 572 1360 quidem
592 1276 687 1338 etiam
706 1276 759 1340 bie
780 1277 879 1338 simile
901 1274 995 1359 quid,
1026 1276 1189 1360 afficerem·
1210 1295 1244 1337 se
1271 1272 1350 1337 divi·

326 1393 384 1453 tias
406 1401 605 1451 contemnere
625 1407 703 1468 prae
725 1408 833 1451 amore
862 1401 893 1452 et
920 1391 971 1451 vel
998 1401 1216 1471 paupertatem
1236 1390 1349 1452 iucun-

327 1505 399 1568 dam
420 1507 490 1567 fore
511 1524 582 1567 cum
594 1502 729 1583 Neaera,
750 1504 955 1570 nihssominus
976 1516 1080 1568 tamen
1101 1505 1145 1567 ita
1167 1507 1227 1569 sibi
1247 1507 1350 1586 placet

325 1624 358 1684 in
389 1620 651 1702 descriptionibus
680 1620 877 1700 opulentiae,
914 1620 1074 1682 honorum
1108 1633 1182 1702 post
1217 1633 1350 1702 mortem

323 1757 554 1821 supremorum,
579 1738 654 1800 libri
673 1735 815 1800 Neaerae
836 1736 923 1799 missi
943 1738 1056 1815 ornati,
1076 1739 1204 1800 habitus
1227 1739 1350 1820 Apolli·
1417 1774 1419 1777 -

325 1852 379 1915 nei
393 1851 528 1934 pulchri,
549 1863 586 1913 ut
607 1850 777 1929 decentiae
800 1861 831 1911 et
852 1851 1098 1931 magnificentiae
1114 1864 1227 1914 natura
1242 1873 1349 1916 aman·

324 1980 388 2030 tem
409 1966 687 2046 facileagnoacas,
706 1962 763 2045 qui
784 1972 890 2025 tamen
912 1962 953 2025 ad
973 1963 1094 2030 Tibulli
1114 1964 1296 2038 modestiam
1314 1984 1348 2026 sc

325 2091 554 2162 composuerat.
594 2077 758 2142 Postremo
773 2087 857 2138 recte
871 2077 1025 2138 monitum
1040 2089 1087 2138 est
1100 2076 1246 2139 ardorem
1260 2098 1347 2140 erno.

324 2196 369 2256 ris
390 2195 426 2253 in
448 2188 621 2272 Lygdamo.
637 2189 730 2266 longe
752 2187 908 2250 niinorem
938 2207 995 2248 nac
1020 2188 1231 2252 Tibullianam
1258 2188 1350 2251 illam,

324 2309 388 2373 sun
410 2305 579 2368 affectuum
608 2303 659 2366 bic
689 2301 892 2385 deprehendi.
942 2299 1035 2364 Unde
1057 2303 1173 2364 factum
1196 2313 1232 2365 ut
1252 2304 1345 2368 etiam

210 2419 216 2430 ’
323 2421 452 2504 querela
466 2416 618 2502 Lygdami
632 2415 781 2497 languida
798 2416 845 2490 eit,
870 2435 940 2479 cum
959 2413 1044 2496 apud
1059 2417 1220 2483 Tibullum
1237 2418 1344 2482 omnia

324 2553 458 2597 nervosa
486 2530 603 2597 videas.
643 2532 729 2594 Haec
758 2531 919 2594 hactenus.
968 2531 1057 2595 Petet
1086 2552 1127 2595 ex
1155 2536 1344 2614 argumentis

324 2650 422 2712 allatis
441 2669 509 2712 non
528 2649 640 2711 haberi
662 2647 696 2711 in
717 2648 779 2708 hoc
799 2647 882 2709 libro
907 2665 1029 2711 errores
1049 2644 1202 2730 quosdam
1214 2647 1344 2728 Tibulli,

324 2785 405 2848 quos
432 2776 527 2846 poeta
556 2766 615 2828 sub
645 2766 708 2826 alio
736 2765 864 2829 nonum
895 2764 1050 2825 cecinerit.
1100 2758 1184 2837 Quid
1213 2782 1290 2827 vero
1317 2768 1345 2853 si

323 2880 413 2942 amici
437 2877 599 2941 cuiusdam
620 2895 725 2938 amore
748 2885 833 2936 casto
855 2872 1072 2936 adumbrando
1094 2875 1240 2938 Tibullus
1259 2876 1344 2955 lusit,

323 3005 357 3055 ut
379 3006 452 3075 post
471 2993 626 3074 Vulpium
645 2989 811 3053 Huschkio
832 2983 972 3068 placuit?
1015 2987 1082 3048 lam
1103 2987 1237 3050 rusticae
1258 2992 1341 3055 vitae

321 3108 450 3169 ossiissas
472 3106 580 3168 laudes
600 3106 645 3165 ita
666 3100 812 3181 explices,
834 3111 870 3160 ut
890 3099 1027 3161 alienum
1046 3100 1087 3160 ab
1108 3119 1146 3160 ea
1162 3097 1246 3165 dicas
1265 3107 1343 3166 emi.

320 3241 391 3285 cum
414 3220 520 3296 inisse,
541 3216 744 3298 similiterque
767 3212 909 3297 quaeda
932 3214 1103 3294 elegantiae
1124 3215 1229 3279 studio
1251 3231 1342 3283 nom·

319 3334 421 3396 vinus
460 3333 590 3415 aliisque
620 3331 765 3395 sensibus
802 3328 952 3410 diversis,
992 3329 1033 3395 ad
1068 3353 1106 3394 ea
1141 3331 1342 3415 respondeas,

319 3444 472 3529 Lygdami
493 3447 653 3527 ingenium
673 3467 841 3530 moresque
862 3466 1040 3529 expressos.
1081 3448 1197 3511 Melius
1211 3449 1255 3510 ita
1268 3470 1341 3529 par-
1409 3494 1417 3509 .

319 3574 365 3625 tes
384 3573 453 3623 tuas
476 3580 546 3639 agas
568 3580 663 3644 wem
684 3560 883 3639 Huschkius,
914 3562 970 3644 qui
992 3562 1118 3627 nonnisi
1138 3561 1238 3624 futilia
1259 3573 1340 3623 attu-

318 3675 356 3737 lit
375 3672 415 3737 ad
432 3674 615 3755 opinionem
636 3697 725 3739 suam
745 3675 966 3743 stabiliendam
987 3689 1018 3739 et
1040 3697 1121 3760 quae
1139 3673 1268 3754 indigna
1287 3696 1340 3738 re·

319 3789 473 3853 iulatione
494 3789 585 3853 seria.
629 3790 750 3853 Tamen
769 3790 851 3857 nihil
866 3789 999 3867 afficias,
1018 3790 1143 3851 obstant
1157 3787 1217 3849 alia
1234 3792 1342 3854 multa.

319 3903 402 3967 Nam
424 3903 503 3988 quid
523 3919 570 3969 est
591 3905 680 3990 quod
701 3909 835 3971 serietas
856 3905 1043 3980 effectuum,
1064 3904 1128 3979 sis,
1156 3903 1248 3982 rigor
1269 3906 1340 3965 uni·

318 4039 427 4080 versae
448 4019 640 4083 mactationis
663 4033 725 4083 tarn
747 4018 904 4081 dissimilis
918 4014 1114 4079 Tibullianae
1131 4015 1247 4079 rationi
1267 4036 1339 4075 uer-

319 4152 431 4210 vosae,
461 4146 492 4193 et
521 4146 627 4213 aperte
655 4133 761 4195 minor
788 4153 886 4214 quam
913 4133 946 4192 in
975 4124 1111 4206 elegidiis
1133 4129 1237 4210 quarti
1256 4129 1340 4205 libri,
