3009 4725
499 435 608 498 LIBR.
630 437 655 497 Ι.
699 435 820 498 ELEG.
842 437 896 499 lit.
1169 447 1208 503 67

185 625 212 670 et
230 611 340 669 Remed.
361 610 419 665 tm.
434 603 497 673 2i9.
517 623 584 675 quae
603 607 759 676 interpretes
779 607 894 660 tendant.
928 603 994 661 Iade
1013 589 1094 675 igitur
1110 607 1204 663 Tibul-

186 716 225 767 ins
243 698 393 766 nunc'dicit
412 713 576 779 praetentum
603 722 632 757 se
656 707 798 772 sumpsisse
823 721 930 772 morae,
958 707 1032 774 quasi
1056 708 1209 763 observares

61 820 69 834 ·
185 815 251 868 tinne
275 815 344 868 diem
369 812 492 880 etipse,
519 824 571 862 non
588 815 675 861 autern
695 823 785 860 reuera
804 824 833 862 se
851 781 981 877 significat
1002 809 1062 864 huic
1084 812 1205 880 religioni

183 914 323 968 addictum.
341 937 377 952 -
404 910 438 964 V.
457 913 499 964 19.
519 908 702 974 ingressus
719 889 795 961 iter.
832 908 926 976 Neque
943 910 1042 977 sotum,
1060 911 1112 978 ait,
1130 919 1205 968 antc-

184 1029 260 1081 quam
274 1010 428 1078 ingrederer
440 1008 499 1072 iter,
517 1021 603 1059 moras
617 1005 784 1072 quaerebam,
802 1006 939 1061 sedetiam
954 1009 1086 1076 ingressus
1100 1011 1159 1066 iam.
1168 1041 1204 1052 -

183 1111 356 1164 offensum
375 1108 511 1179 pedem,
539 1105 674 1172 absolute,
693 1121 743 1159 non
762 1107 865 1161 adiecta
883 1123 928 1173 re,
949 1110 975 1162 iu
993 1126 1069 1177 quem
1088 1114 1145 1180 quis
1162 1115 1204 1167 ot'-

184 1210 283 1277 tendit,
309 1216 416 1264 notante
433 1209 675 1277 wnnnmmmn,
704 1210 749 1278 qui
778 1207 866 1261 tendat
890 1210 972 1262 Osrn.
997 1210 1062 1265 nter.
1079 1210 1114 1277 X,
1136 1215 1204 1266 452:

187 1312 240 1363 Ter
259 1309 339 1379 pedis
364 1308 461 1378 offensi
476 1307 554 1380 signo
571 1316 613 1359 est
631 1317 767 1362 revocate.
803 1310 927 1363 Ceterum
945 1308 979 1364 de
996 1326 1026 1364 re
1042 1312 1108 1365 dixit
1126 1313 1204 1366 [ινι-

183 1423 267 1463 ussus
286 1407 320 1460 ad
337 1406 362 1460 i.
381 1407 399 1461 P.
417 1413 445 1462 et
463 1407 688 1461 Bnoucsuustus.
731 1411 817 1474 Atque
834 1409 867 1461 in
885 1417 984 1478 porta
1003 1410 1088 1464 locum
1105 1412 1205 1480 signifi-

184 1511 242 1571 eat,
266 1505 311 1558 ubi
329 1505 355 1558 id
374 1505 486 1572 sactum,
512 1519 564 1558 non
582 1519 654 1570 reus,
674 1504 700 1557 iu
718 1521 796 1573 quam
814 1506 962 1561 offenderit.
983 1538 1020 1549 —
1045 1511 1078 1565 V·
1097 1514 1141 1565 21.
1159 1495 1204 1564 ea

187 1604 292 1658 claudit
312 1611 397 1658 toturn
414 1606 501 1659 iocum
519 1604 717 1658 antecedentem
741 1606 858 1673 generali
876 1609 1022 1673 sententia,
1048 1625 1115 1676 quse
1133 1625 1206 1664 aum-

187 1721 255 1758 mam
282 1705 339 1757 eius
366 1706 490 1759 continet·
532 1706 593 1760 Non
618 1706 800 1777 obtemperans
824 1708 949 1760 anxietati
973 1708 1066 1761 Deltae
1090 1724 1206 1778 suaeque

187 1805 270 1874 ipsius
286 1805 404 1872 neglexit
421 1805 495 1873 signa
513 1810 541 1859 et
558 1805 656 1857 monita
675 1805 786 1872 Arauris,
806 1820 890 1871 enque
908 1806 988 1859 invito
1006 1805 1138 1875 profectus
1156 1815 1205 1861 est.

187 1907 258 1960 Hinc
275 1923 385 1977 poenam
402 1908 507 1977 patitur.
543 1907 666 1960 Ceterum
684 1906 786 1960 notabis
805 1907 882 1961 etiem
897 1913 1035 1973 sequentes
1052 1907 1119 1961 duos
1133 1908 1206 1961 iocos

187 2011 255 2080 aptis
281 2008 397 2063 distichis
421 2009 522 2076 claudi,
549 2025 574 2062 r.
592 2012 638 2072 34.
656 2014 683 2063 et
701 2013 747 2063 51.
763 2011 808 2063 52.
825 2035 862 2049 -
887 2008 994 2076 sciat,
1019 2004 1045 2062 ti.
1062 2023 1086 2062 e.
1111 2007 1205 2063 demum

186 2128 234 2165 suo
252 2111 345 2166 discet.
379 2112 425 2166 Sic
442 2111 539 2163 sentiet
557 2127 636 2180 supra
657 2110 725 2177 Η,
741 2114 788 2164 68.
823 2111 879 2164 Res
896 2115 966 2164 uota.
993 2102 1124 2176 residente
1142 2110 1206 2164 Ms-

188 2226 290 2264 msrcn.
308 2213 354 2276 9³,
372 2214 400 2263 a.
436 2209 497 2263 Non
521 2215 561 2262 est
584 2215 671 2262 autem
689 2223 729 2277 pr.
747 2208 836 2263 toturn
855 2208 1048 2278 coniunctivae,
1071 2216 1101 2263 nt
1119 2209 1207 2263 wure-

187 2327 356 2367 nssnscmus
375 2305 480 2375 censet,
506 2309 577 2380 quod
595 2313 619 2365 si
639 2310 763 2366 vetuisset
781 2316 877 2382 poeta,
894 2311 921 2365 in
939 2310 1017 2367 huius
1033 2310 1138 2381 quidem
1154 2310 1207 2364 ioci

185 2416 316 2482 gravitate
333 2412 399 2464 sciet
417 2412 554 2466 dicendum
572 2417 630 2465 erat
648 2428 699 2465 non
717 2411 797 2468 sciat,
815 2411 862 2464 sed
880 2418 922 2465 est
939 2428 978 2482 pr.
996 2411 1073 2468 scito.
1108 2409 1208 2480 Magne

189 2527 248 2564 eum
266 2512 292 2562 si
310 2511 458 2579 pronuntiat
471 2511 541 2579 qnod
557 2512 614 2580 ipse
631 2527 680 2565 suo
699 2512 819 2580 erempin
835 2511 933 2565 didicit.
970 2513 1092 2566 Ceterum
1110 2512 1210 2579 confer,

189 2610 213 2662 si
240 2608 305 2662 haec
330 2622 482 2677 comparare
506 2612 583 2677 iicet,
617 2610 687 2680 apud
714 2609 812 2664 inferos
839 2609 1020 2664 admonentem
1045 2610 1206 2692 Phlegyasque

188 2707 296 2761 Discite
318 2707 455 2760 iustitiam
477 2713 572 2764 nunniti
596 2721 623 2763 et
647 2731 700 2764 non
724 2720 842 2762 temnere
859 2707 950 2766 divos,
974 2710 1058 2763 Vno.
1075 2713 1139 2765 Aen.
1159 2712 1206 2779 VI,

188 2814 262 2880 Μ,
279 2819 307 2866 et
323 2812 442 2866 Ixionem
458 2812 544 2868 Pnsu.
562 2814 640 2883 Pyth.
658 2815 694 2882 11,
710 2819 763 2870 ssis
790 2808 836 2866 ro's
852 2806 987 2883 erispyices
1005 2806 1115 2881 dynsqnte
1131 2810 1207 2877 οἶμοι·

187 2916 249 2976 βιοῖς
267 2913 445 2977 ἐποιχομένους
459 2917 590 2969 τίνεσθαι.
752 2982 757 2988 .
1051 2902 1055 2909 ¹

261 3012 421 3066 vau-ss.
463 3012 608 3066 lucusat
635 3011 764 3066 Isidem
794 3013 999 3076 salutarem,
1029 3007 1118 3077 quod
1146 3023 1208 3077 pro

183 3113 324 3182 pietate
340 3113 487 3181 gretiam
505 3114 630 3170 Deliae
648 3131 711 3169 non
729 3114 900 3169 retulerit
923 3111 1040 3171 morbo
1065 3109 1106 3161 ab
1124 3122 1210 3162 ema-

192 3220 268 3268 tore
287 3215 447 3283 defenso,
466 3224 617 3286 oratque
634 3225 670 3272 nt
686 3232 773 3272 nune
791 3217 911 3270 saltem
929 3214 1116 3267 succurret.
1152 3207 1211 3262 Ne·

193 3327 242 3365 ras
260 3311 300 3366 hie
317 3315 390 3367 loeus
406 3322 448 3368 est
465 3322 495 3368 ut
513 3315 594 3370 vides.
637 3316 787 3369 Transitarn
805 3314 868 3368 iacit
886 3329 933 3382 per
951 3326 1052 3375 nunc,
1075 3305 1145 3376 quod
1163 3320 1213 3374 ge·

193 3415 305 3467 neratisn
322 3416 502 3483 complectitur
519 3416 699 3470 antecedentia
715 3420 742 3468 et
756 3402 909 3482 ngmfimsr'
919 3411 944 3464 in
960 3408 1008 3462 isac
1019 3408 1123 3462 miseria
1139 3421 1213 3471 mea3

191 3513 230 3566 sic
247 3513 293 3581 qui
319 3512 431 3579 uniretsi
449 3515 544 3584 prioris
562 3516 613 3569 ioci
636 3515 693 3567 ione
714 3519 755 3566 est
778 3510 868 3577 dolor,
896 3524 930 3563 ex
955 3507 1048 3562 eodem
1073 3512 1145 3561 rests
1169 3504 1213 3559 sia
1252 3542 1258 3551 -

192 3612 269 3665 uhu
287 3610 329 3665 hic
347 3614 423 3666 tiurit
440 3631 531 3669 novus.

264 3710 303 3765 ite
329 3711 412 3766 leidis
435 3716 507 3767 cuitu
531 3712 600 3784 apud
618 3714 752 3767 Romanos
770 3711 830 3766 ride
849 3711 1027 3765 Bourmourr
1044 3705 1214 3763 Dissertatio·

191 3821 251 3861 uem
269 3810 468 3865 Germanicam
496 3812 550 3864 Die
572 3813 758 3882 Isis-Vesper
781 3810 852 3863 need
875 3809 959 3862 einans
981 3803 1214 3860 Herculaniselssre

191 3902 401 3967 demitteretur
420 3910 555 3978 tataros,
571 3907 798 3982 Tartesiacus.
813 3906 919 3961 Melet
932 3909 1010 3959 leot.
1027 3902 1119 3972 Leipa
1132 3902 1213 3953 18⁰0·

192 4020 218 4073 p.
237 4006 384 4074 95-186„
409 4025 478 4077 quae
495 4009 575 4063 iatine
598 4008 700 4064 reddita
725 4015 766 4063 est
791 4010 817 4062 in
840 4007 913 4062 Aeris
930 4002 1069 4058 seminarii
1086 3999 1166 4067 Regii
1184 4004 1214 4052 et
1275 3996 1282 4009 '

189 4104 335 4158 societatis
352 4106 525 4176 philologiae
549 4109 693 4179 Lipsiensis
718 4109 779 4164 Vot.
797 4108 819 4162 1.
844 4126 870 4178 p.
887 4108 943 4158 265
961 4118 1018 4171 sqq.
1055 4097 1129 4154 adde
1145 4112 1214 4166 quae

190 4206 260 4262 idern
279 4207 449 4264 Βοιπιοιι
466 4210 585 4280 pluribus
602 4212 668 4265 ineis
694 4212 720 4265 in
743 4207 847 4262 Sabina
870 4222 886 4261 a
911 4220 941 4260 se
964 4203 1061 4273 scripta
1084 4198 1216 4271 exposuit.

888 4307 935 4372 51
