<?xml version="1.0" encoding="UTF-8"?>
<!DOCTYPE html PUBLIC "-//W3C//DTD XHTML 1.0 Transitional//EN"
    "http://www.w3.org/TR/xhtml1/DTD/xhtml1-transitional.dtd">
<html xmlns="http://www.w3.org/1999/xhtml" xml:lang="en" lang="en">
 <head>
  <title>
</title>
<meta http-equiv="Content-Type" content="text/html;charset=utf-8" />
  <meta name='ocr-system' content='tesseract 3.04.00' />
  <meta name='ocr-capabilities' content='ocr_page ocr_carea ocr_par ocr_line ocrx_word'/>
</head>
<body>
  <div class='ocr_page' id='page_1' title='image "albiitibullicar00unkngoog_0525.png"; bbox 0 0 3009 4725; ppageno 0'>
   <div class='ocr_carea' id='block_1_1' title="bbox 503 381 1212 493">
    <p class='ocr_par' dir='ltr' id='par_1_1' title="bbox 503 381 1212 493">
     <span class='ocr_line' id='line_1_1' title="bbox 503 381 1212 493; baseline 0.011 -9"><span class='ocrx_word' id='word_1_1' title='bbox 503 381 614 485; x_wconf 60' lang='grc' dir='ltr'><strong>ΗΒΕ.</strong></span> <span class='ocrx_word' id='word_1_2' title='bbox 635 420 661 484; x_wconf 92' lang='lat'><strong>1.</strong></span> <span class='ocrx_word' id='word_1_3' title='bbox 702 417 825 484; x_wconf 72' lang='lat' dir='ltr'><strong>uteo.</strong></span> <span class='ocrx_word' id='word_1_4' title='bbox 847 423 904 485; x_wconf 85' lang='lat' dir='ltr'><strong>1x.</strong></span> <span class='ocrx_word' id='word_1_5' title='bbox 1151 437 1212 493; x_wconf 74' lang='lat' dir='ltr'><strong>rso</strong></span> 
     </span>
    </p>
   </div>
   <div class='ocr_carea' id='block_1_2' title="bbox 184 589 1229 4247">
    <p class='ocr_par' dir='ltr' id='par_1_2' title="bbox 184 589 1229 4247">
     <span class='ocr_line' id='line_1_2' title="bbox 189 589 1212 674; baseline 0.003 -19"><span class='ocrx_word' id='word_1_6' title='bbox 189 603 278 674; x_wconf 81' lang='lat' dir='ltr'><strong>operis</strong></span> <span class='ocrx_word' id='word_1_7' title='bbox 295 595 425 662; x_wconf 83' lang='lat' dir='ltr'><strong>Venerei,</strong></span> <span class='ocrx_word' id='word_1_8' title='bbox 443 589 565 665; x_wconf 72' lang='grc' dir='ltr'><em>σχήματα</em></span> <span class='ocrx_word' id='word_1_9' title='bbox 584 595 633 664; x_wconf 74' lang='grc' dir='ltr'><strong>τῆς</strong></span> <span class='ocrx_word' id='word_1_10' title='bbox 649 589 816 666; x_wconf 60' lang='grc' dir='ltr'><strong>Ἀφροδίτης.</strong></span> <span class='ocrx_word' id='word_1_11' title='bbox 842 598 925 651; x_wconf 68' lang='lat' dir='ltr'><strong>ovio.</strong></span> <span class='ocrx_word' id='word_1_12' title='bbox 944 598 1000 652; x_wconf 79' lang='lat' dir='ltr'><strong>Art.</strong></span> <span class='ocrx_word' id='word_1_13' title='bbox 1020 599 1078 654; x_wconf 79' lang='lat' dir='ltr'><strong>Am.</strong></span> <span class='ocrx_word' id='word_1_14' title='bbox 1095 601 1131 670; x_wconf 91' lang='lat' dir='ltr'><strong>ll,</strong></span> <span class='ocrx_word' id='word_1_15' title='bbox 1147 608 1212 658; x_wconf 75' lang='lat'><strong>679.</strong></span> 
     </span>
     <span class='ocr_line' id='line_1_3' title="bbox 190 696 1212 771; baseline -0.003 -12"><span class='ocrx_word' id='word_1_16' title='bbox 190 705 238 771; x_wconf 89' lang='lat' dir='ltr'><strong>Ill,</strong></span> <span class='ocrx_word' id='word_1_17' title='bbox 254 707 316 756; x_wconf 76' lang='lat' dir='ltr'><strong>sot.</strong></span> <span class='ocrx_word' id='word_1_18' title='bbox 354 697 422 752; x_wconf 78' lang='lat' dir='ltr'><strong>nde.</strong></span> <span class='ocrx_word' id='word_1_19' title='bbox 441 697 521 750; x_wconf 87' lang='lat' dir='ltr'><strong>Trist.</strong></span> <span class='ocrx_word' id='word_1_20' title='bbox 540 696 574 761; x_wconf 93' lang='lat' dir='ltr'><strong>ll,</strong></span> <span class='ocrx_word' id='word_1_21' title='bbox 592 699 655 750; x_wconf 74' lang='lat'><strong>523.</strong></span> <span class='ocrx_word' id='word_1_22' title='bbox 673 696 819 748; x_wconf 68' lang='lat' dir='ltr'><strong>Meamne.</strong></span> <span class='ocrx_word' id='word_1_23' title='bbox 838 696 886 763; x_wconf 78' lang='lat' dir='ltr'><strong>IX,</strong></span> <span class='ocrx_word' id='word_1_24' title='bbox 905 713 947 767; x_wconf 89' lang='lat' dir='ltr'><strong>ep.</strong></span> <span class='ocrx_word' id='word_1_25' title='bbox 966 703 1009 751; x_wconf 77' lang='lat' dir='ltr'><strong>ou.</strong></span> <span class='ocrx_word' id='word_1_26' title='bbox 1029 699 1127 754; x_wconf 81' lang='lat' dir='ltr'><strong>Tibull.</strong></span> <span class='ocrx_word' id='word_1_27' title='bbox 1146 703 1212 756; x_wconf 85' lang='lat' dir='ltr'><strong>iulra</strong></span> 
     </span>
     <span class='ocr_line' id='line_1_4' title="bbox 191 797 1213 871; baseline 0 -15"><span class='ocrx_word' id='word_1_28' title='bbox 191 804 226 869; x_wconf 83' lang='lat'><strong>11,</strong></span> <span class='ocrx_word' id='word_1_29' title='bbox 238 807 263 868; x_wconf 86' lang='lat' dir='ltr'><strong>o,</strong></span> <span class='ocrx_word' id='word_1_30' title='bbox 274 804 319 854; x_wconf 71' lang='lat'><strong>52.</strong></span> <span class='ocrx_word' id='word_1_31' title='bbox 329 824 363 841; x_wconf 91' lang='lat'>-</span> <span class='ocrx_word' id='word_1_32' title='bbox 383 797 622 866; x_wconf 67' lang='lat' dir='ltr'><strong>disposuisse,</strong></span> <span class='ocrx_word' id='word_1_33' title='bbox 640 797 723 849; x_wconf 82' lang='lat' dir='ltr'><strong>Orto.</strong></span> <span class='ocrx_word' id='word_1_34' title='bbox 737 798 840 850; x_wconf 80' lang='lat' dir='ltr'><strong>Amosr.</strong></span> <span class='ocrx_word' id='word_1_35' title='bbox 854 797 902 863; x_wconf 85' lang='lat'><strong>111,</strong></span> <span class='ocrx_word' id='word_1_36' title='bbox 913 803 938 862; x_wconf 72' lang='lat' dir='ltr'><strong>t,</strong></span> <span class='ocrx_word' id='word_1_37' title='bbox 949 802 999 852; x_wconf 74' lang='lat' dir='ltr'><strong>dtr</strong></span> <span class='ocrx_word' id='word_1_38' title='bbox 1018 818 1085 871; x_wconf 83' lang='lat' dir='ltr'><strong>quos</strong></span> <span class='ocrx_word' id='word_1_39' title='bbox 1098 818 1147 871; x_wconf 79' lang='lat' dir='ltr'><strong>ego</strong></span> <span class='ocrx_word' id='word_1_40' title='bbox 1160 821 1213 856; x_wconf 84' lang='lat' dir='ltr'><strong>nou</strong></span> 
     </span>
     <span class='ocr_line' id='line_1_5' title="bbox 184 896 1213 973; baseline 0.001 -19"><span class='ocrx_word' id='word_1_41' title='bbox 184 901 259 973; x_wconf 75' lang='lat' dir='ltr'><strong>finxi</strong></span> <span class='ocrx_word' id='word_1_42' title='bbox 276 897 449 970; x_wconf 76' lang='lat' dir='ltr'><strong>disposuique</strong></span> <span class='ocrx_word' id='word_1_43' title='bbox 466 896 563 949; x_wconf 80' lang='lat' dir='ltr'><strong>rrsodoa.</strong></span> <span class='ocrx_word' id='word_1_44' title='bbox 601 896 660 949; x_wconf 86' lang='lat' dir='ltr'><strong>Hoc</strong></span> <span class='ocrx_word' id='word_1_45' title='bbox 679 902 720 950; x_wconf 89' lang='lat' dir='ltr'><strong>est</strong></span> <span class='ocrx_word' id='word_1_46' title='bbox 734 913 787 964; x_wconf 86' lang='lat' dir='ltr'><strong>quo</strong></span> <span class='ocrx_word' id='word_1_47' title='bbox 802 897 893 950; x_wconf 81' lang='lat' dir='ltr'>ordine</span> <span class='ocrx_word' id='word_1_48' title='bbox 911 900 1033 967; x_wconf 77' lang='lat' dir='ltr'><strong>excipere</strong></span> <span class='ocrx_word' id='word_1_49' title='bbox 1050 915 1079 952; x_wconf 86' lang='lat' dir='ltr'><strong>se</strong></span> <span class='ocrx_word' id='word_1_50' title='bbox 1094 899 1213 955; x_wconf 84' lang='lat' dir='ltr'><strong>debeant.</strong></span> 
     </span>
     <span class='ocr_line' id='line_1_6' title="bbox 189 997 1217 1069; baseline -0.001 -13"><span class='ocrx_word' id='word_1_51' title='bbox 189 1003 329 1056; x_wconf 86' lang='lat' dir='ltr'><strong>Postremo</strong></span> <span class='ocrx_word' id='word_1_52' title='bbox 347 1005 406 1052; x_wconf 86' lang='lat' dir='ltr'><strong>aut</strong></span> <span class='ocrx_word' id='word_1_53' title='bbox 423 998 536 1068; x_wconf 71' lang='lat' dir='ltr'><strong>positum</strong></span> <span class='ocrx_word' id='word_1_54' title='bbox 551 1003 599 1062; x_wconf 88' lang='lat' dir='ltr'><strong>est,</strong></span> <span class='ocrx_word' id='word_1_55' title='bbox 616 1003 646 1049; x_wconf 93' lang='lat' dir='ltr'><strong>ut</strong></span> <span class='ocrx_word' id='word_1_56' title='bbox 659 1012 737 1066; x_wconf 87' lang='lat' dir='ltr'><strong>supra</strong></span> <span class='ocrx_word' id='word_1_57' title='bbox 752 997 775 1062; x_wconf 92' lang='lat'><strong>1,</strong></span> <span class='ocrx_word' id='word_1_58' title='bbox 790 1002 817 1063; x_wconf 79' lang='lat'><strong>4,</strong></span> <span class='ocrx_word' id='word_1_59' title='bbox 829 1002 873 1051; x_wconf 82' lang='lat' dir='ltr'><strong>te.</strong></span> <span class='ocrx_word' id='word_1_60' title='bbox 891 1005 919 1052; x_wconf 90' lang='lat' dir='ltr'><strong>et</strong></span> <span class='ocrx_word' id='word_1_61' title='bbox 934 999 1077 1054; x_wconf 74' lang='lat' dir='ltr'><strong>Proernam</strong></span> <span class='ocrx_word' id='word_1_62' title='bbox 1092 1001 1113 1067; x_wconf 91' lang='lat'><strong>1,</strong></span> <span class='ocrx_word' id='word_1_63' title='bbox 1124 1005 1150 1067; x_wconf 79' lang='grc'><strong>9,</strong></span> <span class='ocrx_word' id='word_1_64' title='bbox 1165 1008 1217 1069; x_wconf 81' lang='lat' dir='ltr'><strong>lu,</strong></span> 
     </span>
     <span class='ocr_line' id='line_1_7' title="bbox 191 1093 1215 1167; baseline 0.003 -15"><span class='ocrx_word' id='word_1_65' title='bbox 191 1102 217 1152; x_wconf 89' lang='lat' dir='ltr'><strong>in</strong></span> <span class='ocrx_word' id='word_1_66' title='bbox 235 1098 435 1167; x_wconf 79' lang='lat' dir='ltr'><strong>amplificatione</strong></span> <span class='ocrx_word' id='word_1_67' title='bbox 454 1093 570 1148; x_wconf 88' lang='lat' dir='ltr'><strong>eiusdem</strong></span> <span class='ocrx_word' id='word_1_68' title='bbox 593 1094 647 1158; x_wconf 88' lang='lat' dir='ltr'><strong>rei,</strong></span> <span class='ocrx_word' id='word_1_69' title='bbox 672 1096 864 1162; x_wconf 87' lang='lat' dir='ltr'><strong>cumprimum</strong></span> <span class='ocrx_word' id='word_1_70' title='bbox 892 1096 1067 1166; x_wconf 78' lang='lat' dir='ltr'><strong>indefinitius,</strong></span> <span class='ocrx_word' id='word_1_71' title='bbox 1092 1106 1147 1154; x_wconf 89' lang='lat' dir='ltr'><strong>tum</strong></span> <span class='ocrx_word' id='word_1_72' title='bbox 1166 1101 1215 1156; x_wconf 85' lang='lat' dir='ltr'><strong>de·</strong></span> 
     </span>
     <span class='ocr_line' id='line_1_8' title="bbox 192 1191 1214 1265; baseline 0.003 -15"><span class='ocrx_word' id='word_1_73' title='bbox 192 1198 290 1250; x_wconf 81' lang='lat' dir='ltr'><strong>dultius</strong></span> <span class='ocrx_word' id='word_1_74' title='bbox 310 1196 412 1249; x_wconf 90' lang='lat' dir='ltr'><strong>dicitur.</strong></span> <span class='ocrx_word' id='word_1_75' title='bbox 447 1193 516 1248; x_wconf 81' lang='lat' dir='ltr'><strong>Vide</strong></span> <span class='ocrx_word' id='word_1_76' title='bbox 537 1191 620 1245; x_wconf 85' lang='lat' dir='ltr'><strong>mults</strong></span> <span class='ocrx_word' id='word_1_77' title='bbox 645 1192 766 1259; x_wconf 77' lang='lat' dir='ltr'><strong>exempla</strong></span> <span class='ocrx_word' id='word_1_78' title='bbox 791 1192 959 1247; x_wconf 74' lang='lat' dir='ltr'><strong>disiunctione</strong></span> <span class='ocrx_word' id='word_1_79' title='bbox 985 1198 1144 1265; x_wconf 83' lang='lat' dir='ltr'><strong>particulae,</strong></span> <span class='ocrx_word' id='word_1_80' title='bbox 1169 1199 1214 1253; x_wconf 89' lang='lat' dir='ltr'><strong>ubi</strong></span> 
     </span>
     <span class='ocr_line' id='line_1_9' title="bbox 192 1288 1215 1364; baseline 0.004 -17"><span class='ocrx_word' id='word_1_81' title='bbox 192 1295 366 1364; x_wconf 70' lang='lat' dir='ltr'><strong>copulativam</strong></span> <span class='ocrx_word' id='word_1_82' title='bbox 383 1298 537 1361; x_wconf 72' lang='lat' dir='ltr'><strong>exspectes,</strong></span> <span class='ocrx_word' id='word_1_83' title='bbox 560 1289 587 1342; x_wconf 88' lang='lat' dir='ltr'><strong>in</strong></span> <span class='ocrx_word' id='word_1_84' title='bbox 605 1288 716 1342; x_wconf 72' lang='lat' dir='ltr'><strong>uersu</strong></span> <span class='ocrx_word' id='word_1_85' title='bbox 740 1288 854 1343; x_wconf 85' lang='lat' dir='ltr'><strong>editione</strong></span> <span class='ocrx_word' id='word_1_86' title='bbox 880 1293 953 1359; x_wconf 79' lang='lat' dir='ltr'><strong>virg.</strong></span> <span class='ocrx_word' id='word_1_87' title='bbox 972 1294 1032 1345; x_wconf 88' lang='lat' dir='ltr'><strong>mai.</strong></span> <span class='ocrx_word' id='word_1_88' title='bbox 1051 1311 1067 1346; x_wconf 86' lang='lat' dir='ltr'><strong>a</strong></span> <span class='ocrx_word' id='word_1_89' title='bbox 1084 1296 1215 1364; x_wconf 79' lang='lat' dir='ltr'><strong>Wagnero</strong></span> 
     </span>
     <span class='ocr_line' id='line_1_10' title="bbox 193 1388 1217 1462; baseline 0.003 -16"><span class='ocrx_word' id='word_1_90' title='bbox 193 1399 297 1459; x_wconf 71' lang='lat' dir='ltr'><strong>euram,</strong></span> <span class='ocrx_word' id='word_1_91' title='bbox 315 1392 348 1444; x_wconf 88' lang='grc' dir='ltr'><strong>Τ.</strong></span> <span class='ocrx_word' id='word_1_92' title='bbox 367 1389 413 1456; x_wconf 83' lang='lat' dir='ltr'><strong>lv,</strong></span> <span class='ocrx_word' id='word_1_93' title='bbox 431 1408 457 1459; x_wconf 94' lang='lat' dir='ltr'><strong>p.</strong></span> <span class='ocrx_word' id='word_1_94' title='bbox 474 1395 538 1444; x_wconf 75' lang='grc'><strong>511.</strong></span> <span class='ocrx_word' id='word_1_95' title='bbox 552 1414 588 1427; x_wconf 93' lang='grc'>-</span> <span class='ocrx_word' id='word_1_96' title='bbox 607 1388 640 1441; x_wconf 84' lang='lat' dir='ltr'><strong>V.</strong></span> <span class='ocrx_word' id='word_1_97' title='bbox 659 1389 694 1440; x_wconf 74' lang='lat' dir='ltr'><strong>et</strong></span> <span class='ocrx_word' id='word_1_98' title='bbox 708 1402 766 1454; x_wconf 80' lang='lat' dir='ltr'><strong>sqq.</strong></span> <span class='ocrx_word' id='word_1_99' title='bbox 802 1389 845 1439; x_wconf 80' lang='lat' dir='ltr'><strong>et</strong></span> <span class='ocrx_word' id='word_1_100' title='bbox 870 1395 927 1441; x_wconf 87' lang='lat' dir='ltr'><strong>tus</strong></span> <span class='ocrx_word' id='word_1_101' title='bbox 952 1392 1163 1462; x_wconf 83' lang='lat' dir='ltr'><strong>perdidicit,</strong></span> <span class='ocrx_word' id='word_1_102' title='bbox 1188 1401 1217 1449; x_wconf 88' lang='lat' dir='ltr'><strong>at</strong></span> 
     </span>
     <span class='ocr_line' id='line_1_11' title="bbox 193 1484 1218 1557; baseline 0.004 -13"><span class='ocrx_word' id='word_1_103' title='bbox 193 1496 239 1544; x_wconf 85' lang='lat' dir='ltr'><strong>tua</strong></span> <span class='ocrx_word' id='word_1_104' title='bbox 256 1497 342 1543; x_wconf 82' lang='lat' dir='ltr'><strong>tamen</strong></span> <span class='ocrx_word' id='word_1_105' title='bbox 360 1504 428 1542; x_wconf 80' lang='lat' dir='ltr'><strong>uxor</strong></span> <span class='ocrx_word' id='word_1_106' title='bbox 444 1490 521 1557; x_wconf 83' lang='lat' dir='ltr'><strong>plano</strong></span> <span class='ocrx_word' id='word_1_107' title='bbox 539 1486 630 1540; x_wconf 86' lang='lat' dir='ltr'><strong>didicit</strong></span> <span class='ocrx_word' id='word_1_108' title='bbox 647 1490 736 1553; x_wconf 81' lang='lat' dir='ltr'><strong>turpes</strong></span> <span class='ocrx_word' id='word_1_109' title='bbox 761 1484 807 1537; x_wconf 82' lang='lat' dir='ltr'><strong>hes</strong></span> <span class='ocrx_word' id='word_1_110' title='bbox 830 1493 914 1550; x_wconf 79' lang='lat' dir='ltr'><strong>aues,</strong></span> <span class='ocrx_word' id='word_1_111' title='bbox 941 1497 971 1542; x_wconf 92' lang='lat' dir='ltr'><strong>ut</strong></span> <span class='ocrx_word' id='word_1_112' title='bbox 995 1508 1046 1545; x_wconf 86' lang='lat' dir='ltr'><strong>uon</strong></span> <span class='ocrx_word' id='word_1_113' title='bbox 1070 1494 1148 1547; x_wconf 86' lang='lat' dir='ltr'><strong>cedet</strong></span> <span class='ocrx_word' id='word_1_114' title='bbox 1171 1510 1218 1548; x_wconf 86' lang='lat' dir='ltr'><strong>so·</strong></span> 
     </span>
     <span class='ocr_line' id='line_1_12' title="bbox 193 1586 1217 1658; baseline 0.005 -18"><span class='ocrx_word' id='word_1_115' title='bbox 193 1589 256 1641; x_wconf 86' lang='lat' dir='ltr'><strong>cori.</strong></span> <span class='ocrx_word' id='word_1_116' title='bbox 276 1617 312 1628; x_wconf 94' lang='lat'>-</span> <span class='ocrx_word' id='word_1_117' title='bbox 338 1603 401 1640; x_wconf 84' lang='lat' dir='ltr'><strong>nou</strong></span> <span class='ocrx_word' id='word_1_118' title='bbox 426 1590 533 1642; x_wconf 87' lang='lat' dir='ltr'><strong>solita</strong></span> <span class='ocrx_word' id='word_1_119' title='bbox 558 1587 599 1640; x_wconf 86' lang='lat' dir='ltr'><strong>ab</strong></span> <span class='ocrx_word' id='word_1_120' title='bbox 624 1594 713 1653; x_wconf 87' lang='lat' dir='ltr'><strong>arte,</strong></span> <span class='ocrx_word' id='word_1_121' title='bbox 739 1586 842 1639; x_wconf 86' lang='lat' dir='ltr'><strong>insolita</strong></span> <span class='ocrx_word' id='word_1_122' title='bbox 859 1593 929 1654; x_wconf 88' lang='lat' dir='ltr'><strong>arte,</strong></span> <span class='ocrx_word' id='word_1_123' title='bbox 947 1589 981 1643; x_wconf 90' lang='lat' dir='ltr'><strong>cl.</strong></span> <span class='ocrx_word' id='word_1_124' title='bbox 1000 1590 1022 1658; x_wconf 87' lang='grc' dir='ltr'><strong>Ι,</strong></span> <span class='ocrx_word' id='word_1_125' title='bbox 1041 1597 1068 1658; x_wconf 76' lang='grc'><strong>5,</strong></span> <span class='ocrx_word' id='word_1_126' title='bbox 1086 1598 1111 1650; x_wconf 82' lang='lat'><strong>4.</strong></span> <span class='ocrx_word' id='word_1_127' title='bbox 1148 1597 1217 1649; x_wconf 83' lang='lat' dir='ltr'><strong>Sen-</strong></span> 
     </span>
     <span class='ocr_line' id='line_1_13' title="bbox 195 1682 1218 1757; baseline 0.011 -18"><span class='ocrx_word' id='word_1_128' title='bbox 195 1701 254 1739; x_wconf 78' lang='lat' dir='ltr'><strong>sus:</strong></span> <span class='ocrx_word' id='word_1_129' title='bbox 279 1686 322 1739; x_wconf 86' lang='lat' dir='ltr'><strong>Tu</strong></span> <span class='ocrx_word' id='word_1_130' title='bbox 341 1688 505 1752; x_wconf 77' lang='lat' dir='ltr'><strong>uertentis,</strong></span> <span class='ocrx_word' id='word_1_131' title='bbox 529 1701 589 1740; x_wconf 85' lang='lat' dir='ltr'><strong>cum</strong></span> <span class='ocrx_word' id='word_1_132' title='bbox 606 1702 695 1739; x_wconf 80' lang='lat' dir='ltr'><strong>eoram</strong></span> <span class='ocrx_word' id='word_1_133' title='bbox 712 1692 740 1737; x_wconf 92' lang='lat' dir='ltr'><strong>te</strong></span> <span class='ocrx_word' id='word_1_134' title='bbox 759 1682 887 1752; x_wconf 85' lang='lat' dir='ltr'><strong>habitum,</strong></span> <span class='ocrx_word' id='word_1_135' title='bbox 905 1697 1024 1757; x_wconf 74' lang='lat' dir='ltr'><strong>gestum,</strong></span> <span class='ocrx_word' id='word_1_136' title='bbox 1041 1701 1139 1748; x_wconf 90' lang='lat' dir='ltr'><strong>motum</strong></span> <span class='ocrx_word' id='word_1_137' title='bbox 1157 1712 1218 1749; x_wconf 88' lang='lat' dir='ltr'><strong>cor—</strong></span> 
     </span>
     <span class='ocr_line' id='line_1_14' title="bbox 197 1789 1216 1861; baseline 0.004 -19"><span class='ocrx_word' id='word_1_138' title='bbox 197 1791 268 1858; x_wconf 87' lang='lat' dir='ltr'><strong>poris</strong></span> <span class='ocrx_word' id='word_1_139' title='bbox 285 1790 318 1842; x_wconf 86' lang='lat' dir='ltr'><strong>ad</strong></span> <span class='ocrx_word' id='word_1_140' title='bbox 336 1789 469 1841; x_wconf 87' lang='lat' dir='ltr'><strong>mollitiem</strong></span> <span class='ocrx_word' id='word_1_141' title='bbox 487 1797 515 1841; x_wconf 92' lang='lat' dir='ltr'><strong>et</strong></span> <span class='ocrx_word' id='word_1_142' title='bbox 532 1789 693 1842; x_wconf 72' lang='lat' dir='ltr'><strong>libidinosam</strong></span> <span class='ocrx_word' id='word_1_143' title='bbox 714 1789 844 1842; x_wconf 77' lang='lat' dir='ltr'><strong>lasciviam</strong></span> <span class='ocrx_word' id='word_1_144' title='bbox 862 1793 1003 1858; x_wconf 82' lang='lat' dir='ltr'><strong>componit,</strong></span> <span class='ocrx_word' id='word_1_145' title='bbox 1020 1811 1096 1861; x_wconf 81' lang='lat' dir='ltr'><strong>quam</strong></span> <span class='ocrx_word' id='word_1_146' title='bbox 1116 1797 1142 1850; x_wconf 88' lang='lat' dir='ltr'><strong>in</strong></span> <span class='ocrx_word' id='word_1_147' title='bbox 1159 1814 1216 1852; x_wconf 76' lang='lat' dir='ltr'><strong>rem</strong></span> 
     </span>
     <span class='ocr_line' id='line_1_15' title="bbox 198 1887 1218 1963; baseline 0.006 -21"><span class='ocrx_word' id='word_1_148' title='bbox 198 1889 266 1943; x_wconf 80' lang='lat' dir='ltr'><strong>cous.</strong></span> <span class='ocrx_word' id='word_1_149' title='bbox 285 1889 395 1942; x_wconf 77' lang='lat' dir='ltr'><strong>Hoetu.</strong></span> <span class='ocrx_word' id='word_1_150' title='bbox 412 1887 459 1955; x_wconf 90' lang='lat' dir='ltr'><strong>Ill,</strong></span> <span class='ocrx_word' id='word_1_151' title='bbox 477 1893 503 1953; x_wconf 82' lang='grc'><strong>6,</strong></span> <span class='ocrx_word' id='word_1_152' title='bbox 518 1892 563 1942; x_wconf 65' lang='lat' dir='ltr'><strong>ul.</strong></span> <span class='ocrx_word' id='word_1_153' title='bbox 581 1888 644 1955; x_wconf 88' lang='lat' dir='ltr'><strong>ibiq.</strong></span> <span class='ocrx_word' id='word_1_154' title='bbox 663 1889 845 1941; x_wconf 81' lang='lat' dir='ltr'><strong>Mmscseuo.</strong></span> <span class='ocrx_word' id='word_1_155' title='bbox 880 1888 924 1941; x_wconf 76' lang='lat' dir='ltr'><strong>&#39;l&#39;u</strong></span> <span class='ocrx_word' id='word_1_156' title='bbox 942 1905 1013 1957; x_wconf 84' lang='lat' dir='ltr'><strong>sero,</strong></span> <span class='ocrx_word' id='word_1_157' title='bbox 1031 1894 1068 1944; x_wconf 89' lang='lat' dir='ltr'><strong>ait</strong></span> <span class='ocrx_word' id='word_1_158' title='bbox 1087 1893 1218 1963; x_wconf 79' lang='lat' dir='ltr'><strong>Tibullus,</strong></span> 
     </span>
     <span class='ocr_line' id='line_1_16' title="bbox 196 1985 1218 2055; baseline 0.003 -14"><span class='ocrx_word' id='word_1_159' title='bbox 196 1985 256 2042; x_wconf 87' lang='lat' dir='ltr'><strong>hino</strong></span> <span class='ocrx_word' id='word_1_160' title='bbox 274 1989 420 2054; x_wconf 76' lang='lat' dir='ltr'><strong>intelligere</strong></span> <span class='ocrx_word' id='word_1_161' title='bbox 438 1986 533 2039; x_wconf 89' lang='lat' dir='ltr'><strong>dudum</strong></span> <span class='ocrx_word' id='word_1_162' title='bbox 550 1985 678 2052; x_wconf 87' lang='lat' dir='ltr'><strong>debebas,</strong></span> <span class='ocrx_word' id='word_1_163' title='bbox 706 2002 763 2038; x_wconf 87' lang='lat' dir='ltr'><strong>cam</strong></span> <span class='ocrx_word' id='word_1_164' title='bbox 782 1986 877 2038; x_wconf 84' lang='lat' dir='ltr'><strong>ceteris</strong></span> <span class='ocrx_word' id='word_1_165' title='bbox 895 2002 999 2055; x_wconf 85' lang='lat' dir='ltr'><strong>quoque</strong></span> <span class='ocrx_word' id='word_1_166' title='bbox 1017 1992 1135 2044; x_wconf 88' lang='lat' dir='ltr'><strong>omnibus</strong></span> <span class='ocrx_word' id='word_1_167' title='bbox 1152 1994 1218 2045; x_wconf 84' lang='lat' dir='ltr'><strong>arti-</strong></span> 
     </span>
     <span class='ocr_line' id='line_1_17' title="bbox 196 2073 1215 2156; baseline 0.004 -14"><span class='ocrx_word' id='word_1_168' title='bbox 196 2089 246 2144; x_wconf 88' lang='lat' dir='ltr'><strong>bus</strong></span> <span class='ocrx_word' id='word_1_169' title='bbox 266 2090 340 2144; x_wconf 89' lang='lat' dir='ltr'><strong>malis</strong></span> <span class='ocrx_word' id='word_1_170' title='bbox 366 2105 423 2141; x_wconf 86' lang='lat' dir='ltr'><strong>esse</strong></span> <span class='ocrx_word' id='word_1_171' title='bbox 444 2088 576 2141; x_wconf 79' lang='lat' dir='ltr'><strong>imbutum.</strong></span> <span class='ocrx_word' id='word_1_172' title='bbox 613 2089 659 2141; x_wconf 87' lang='lat' dir='ltr'><strong>Sic</strong></span> <span class='ocrx_word' id='word_1_173' title='bbox 684 2104 734 2139; x_wconf 88' lang='lat' dir='ltr'><strong>nou</strong></span> <span class='ocrx_word' id='word_1_174' title='bbox 762 2103 827 2156; x_wconf 87' lang='lat' dir='ltr'><strong>opus</strong></span> <span class='ocrx_word' id='word_1_175' title='bbox 852 2086 953 2141; x_wconf 83' lang='lat' dir='ltr'><strong>ridetur</strong></span> <span class='ocrx_word' id='word_1_176' title='bbox 972 2098 1001 2142; x_wconf 88' lang='lat' dir='ltr'><strong>ut</strong></span> <span class='ocrx_word' id='word_1_177' title='bbox 1018 2091 1051 2143; x_wconf 87' lang='lat' dir='ltr'><strong>de</strong></span> <span class='ocrx_word' id='word_1_178' title='bbox 1070 2094 1171 2146; x_wconf 74' lang='lat' dir='ltr'><strong>lascis-is</strong></span> <span class='ocrx_word' id='word_1_179' title='bbox 1189 2073 1215 2147; x_wconf 80' lang='lat' dir='ltr'><strong>iu</strong></span> 
     </span>
     <span class='ocr_line' id='line_1_18' title="bbox 196 2186 1216 2257; baseline 0.004 -15"><span class='ocrx_word' id='word_1_180' title='bbox 196 2190 306 2242; x_wconf 83' lang='lat' dir='ltr'><strong>maritali</strong></span> <span class='ocrx_word' id='word_1_181' title='bbox 323 2189 444 2257; x_wconf 84' lang='lat' dir='ltr'><strong>amplexu</strong></span> <span class='ocrx_word' id='word_1_182' title='bbox 461 2188 575 2240; x_wconf 85' lang='lat' dir='ltr'><strong>motibus</strong></span> <span class='ocrx_word' id='word_1_183' title='bbox 600 2186 709 2239; x_wconf 81' lang='lat' dir='ltr'><strong>feminae</strong></span> <span class='ocrx_word' id='word_1_184' title='bbox 735 2188 821 2239; x_wconf 88' lang='lat' dir='ltr'><strong>locum</strong></span> <span class='ocrx_word' id='word_1_185' title='bbox 847 2203 905 2241; x_wconf 87' lang='lat' dir='ltr'><strong>cum</strong></span> <span class='ocrx_word' id='word_1_186' title='bbox 924 2189 981 2241; x_wconf 90' lang='lat' dir='ltr'><strong>aliis</strong></span> <span class='ocrx_word' id='word_1_187' title='bbox 999 2191 1151 2256; x_wconf 73' lang='lat' dir='ltr'><strong>qmbusdam</strong></span> <span class='ocrx_word' id='word_1_188' title='bbox 1170 2210 1216 2246; x_wconf 87' lang='lat' dir='ltr'><strong>ac-</strong></span> 
     </span>
     <span class='ocr_line' id='line_1_19' title="bbox 198 2288 1220 2361; baseline 0.001 -16"><span class='ocrx_word' id='word_1_189' title='bbox 198 2291 330 2361; x_wconf 77' lang='lat' dir='ltr'><strong>cipiamus.</strong></span> <span class='ocrx_word' id='word_1_190' title='bbox 369 2291 410 2343; x_wconf 86' lang='lat' dir='ltr'><strong>De</strong></span> <span class='ocrx_word' id='word_1_191' title='bbox 436 2290 539 2342; x_wconf 81' lang='lat' dir='ltr'><strong>incessu</strong></span> <span class='ocrx_word' id='word_1_192' title='bbox 564 2288 683 2339; x_wconf 81' lang='lat' dir='ltr'><strong>orturus</strong></span> <span class='ocrx_word' id='word_1_193' title='bbox 709 2289 766 2340; x_wconf 79' lang='lat' dir='ltr'><strong>Act.</strong></span> <span class='ocrx_word' id='word_1_194' title='bbox 792 2291 850 2341; x_wconf 80' lang='lat' dir='ltr'><strong>Am.</strong></span> <span class='ocrx_word' id='word_1_195' title='bbox 867 2288 915 2354; x_wconf 90' lang='lat' dir='ltr'><strong>lll,</strong></span> <span class='ocrx_word' id='word_1_196' title='bbox 934 2292 1003 2342; x_wconf 76' lang='lat' dir='ltr'><strong>sot:</strong></span> <span class='ocrx_word' id='word_1_197' title='bbox 1033 2293 1110 2342; x_wconf 83' lang='lat' dir='ltr'><strong>Haec</strong></span> <span class='ocrx_word' id='word_1_198' title='bbox 1134 2305 1220 2346; x_wconf 78' lang='lat' dir='ltr'><strong>nrouet</strong></span> 
     </span>
     <span class='ocr_line' id='line_1_20' title="bbox 198 2389 1221 2463; baseline 0.004 -20"><span class='ocrx_word' id='word_1_199' title='bbox 198 2401 258 2445; x_wconf 83' lang='lat' dir='ltr'><strong>orte</strong></span> <span class='ocrx_word' id='word_1_200' title='bbox 282 2391 367 2443; x_wconf 82' lang='lat' dir='ltr'><strong>latus.</strong></span> <span class='ocrx_word' id='word_1_201' title='bbox 385 2418 417 2431; x_wconf 94' lang='lat'>-</span> <span class='ocrx_word' id='word_1_202' title='bbox 449 2406 510 2460; x_wconf 87' lang='lat' dir='ltr'><strong>pro</strong></span> <span class='ocrx_word' id='word_1_203' title='bbox 534 2395 583 2455; x_wconf 87' lang='lat' dir='ltr'><strong>te,</strong></span> <span class='ocrx_word' id='word_1_204' title='bbox 609 2389 664 2442; x_wconf 82' lang='lat' dir='ltr'><strong>tibi.</strong></span> <span class='ocrx_word' id='word_1_205' title='bbox 682 2417 720 2428; x_wconf 95' lang='lat'>-</span> <span class='ocrx_word' id='word_1_206' title='bbox 746 2389 854 2442; x_wconf 86' lang='lat' dir='ltr'><strong>denso</strong></span> <span class='ocrx_word' id='word_1_207' title='bbox 880 2390 996 2456; x_wconf 88' lang='lat' dir='ltr'><strong>deute,</strong></span> <span class='ocrx_word' id='word_1_208' title='bbox 1024 2393 1132 2460; x_wconf 83' lang='lat' dir='ltr'><strong>pectinis</strong></span> <span class='ocrx_word' id='word_1_209' title='bbox 1158 2400 1221 2463; x_wconf 85' lang='lat' dir='ltr'><strong>puta</strong></span> 
     </span>
     <span class='ocr_line' id='line_1_21' title="bbox 201 2490 1221 2563; baseline 0.005 -19"><span class='ocrx_word' id='word_1_210' title='bbox 201 2490 395 2558; x_wconf 87' lang='lat' dir='ltr'><strong>dentati,-quod</strong></span> <span class='ocrx_word' id='word_1_211' title='bbox 412 2491 514 2542; x_wconf 82' lang='lat' dir='ltr'><strong>elicitur</strong></span> <span class='ocrx_word' id='word_1_212' title='bbox 532 2507 547 2542; x_wconf 91' lang='lat' dir='ltr'><strong>e</strong></span> <span class='ocrx_word' id='word_1_213' title='bbox 564 2491 645 2544; x_wconf 83' lang='lat' dir='ltr'><strong>serbo</strong></span> <span class='ocrx_word' id='word_1_214' title='bbox 657 2500 771 2559; x_wconf 80' lang='lat' dir='ltr'><strong>pectere.</strong></span> <span class='ocrx_word' id='word_1_215' title='bbox 807 2490 875 2544; x_wconf 85' lang='lat' dir='ltr'><strong>Nam</strong></span> <span class='ocrx_word' id='word_1_216' title='bbox 893 2492 956 2544; x_wconf 90' lang='lat' dir='ltr'><strong>dans</strong></span> <span class='ocrx_word' id='word_1_217' title='bbox 971 2508 1019 2561; x_wconf 90' lang='lat' dir='ltr'><strong>pro</strong></span> <span class='ocrx_word' id='word_1_218' title='bbox 1033 2496 1221 2563; x_wconf 81' lang='lat' dir='ltr'><strong>compositione</strong></span> 
     </span>
     <span class='ocr_line' id='line_1_22' title="bbox 200 2585 1221 2657; baseline 0.003 -15"><span class='ocrx_word' id='word_1_219' title='bbox 200 2589 285 2642; x_wconf 79' lang='lat' dir='ltr'><strong>varios</strong></span> <span class='ocrx_word' id='word_1_220' title='bbox 302 2588 463 2654; x_wconf 71' lang='lat' dir='ltr'><strong>significatus</strong></span> <span class='ocrx_word' id='word_1_221' title='bbox 480 2585 565 2639; x_wconf 78' lang='lat' dir='ltr'><strong>babet</strong></span> <span class='ocrx_word' id='word_1_222' title='bbox 608 2588 691 2641; x_wconf 88' lang='lat' dir='ltr'><strong>Porro</strong></span> <span class='ocrx_word' id='word_1_223' title='bbox 709 2590 867 2655; x_wconf 76' lang='lat' dir='ltr'><strong>singularem</strong></span> <span class='ocrx_word' id='word_1_224' title='bbox 892 2592 1022 2657; x_wconf 85' lang='lat' dir='ltr'><strong>poeticum</strong></span> <span class='ocrx_word' id='word_1_225' title='bbox 1046 2593 1125 2645; x_wconf 70' lang='lat' dir='ltr'><strong>deriso</strong></span> <span class='ocrx_word' id='word_1_226' title='bbox 1143 2594 1221 2646; x_wconf 82' lang='lat' dir='ltr'><strong>dente</strong></span> 
     </span>
     <span class='ocr_line' id='line_1_23' title="bbox 200 2685 1220 2761; baseline 0.008 -23"><span class='ocrx_word' id='word_1_227' title='bbox 200 2703 240 2757; x_wconf 87' lang='lat' dir='ltr'><strong>pr.</strong></span> <span class='ocrx_word' id='word_1_228' title='bbox 258 2687 345 2739; x_wconf 81' lang='lat' dir='ltr'><strong>densis</strong></span> <span class='ocrx_word' id='word_1_229' title='bbox 362 2686 481 2740; x_wconf 80' lang='lat' dir='ltr'><strong>dentibus</strong></span> <span class='ocrx_word' id='word_1_230' title='bbox 499 2690 526 2738; x_wconf 90' lang='lat' dir='ltr'><strong>et</strong></span> <span class='ocrx_word' id='word_1_231' title='bbox 544 2685 585 2739; x_wconf 88' lang='lat' dir='ltr'><strong>bic</strong></span> <span class='ocrx_word' id='word_1_232' title='bbox 603 2688 714 2739; x_wconf 88' lang='lat' dir='ltr'><strong>illustret</strong></span> <span class='ocrx_word' id='word_1_233' title='bbox 732 2687 991 2753; x_wconf 79' lang='lat' dir='ltr'><strong>Wusuauoscurus,</strong></span> <span class='ocrx_word' id='word_1_234' title='bbox 1012 2694 1041 2739; x_wconf 91' lang='lat' dir='ltr'><strong>et</strong></span> <span class='ocrx_word' id='word_1_235' title='bbox 1058 2707 1135 2759; x_wconf 86' lang='lat' dir='ltr'><strong>supra</strong></span> <span class='ocrx_word' id='word_1_236' title='bbox 1153 2694 1174 2757; x_wconf 89' lang='grc' dir='ltr'><strong>Ι,</strong></span> <span class='ocrx_word' id='word_1_237' title='bbox 1193 2699 1220 2761; x_wconf 77' lang='lat'><strong>³,</strong></span> 
     </span>
     <span class='ocr_line' id='line_1_24' title="bbox 199 2783 1221 2854; baseline 0.004 -16"><span class='ocrx_word' id='word_1_238' title='bbox 199 2788 245 2839; x_wconf 64' lang='grc' dir='ltr'><strong>ΞΘ.</strong></span> <span class='ocrx_word' id='word_1_239' title='bbox 264 2785 408 2839; x_wconf 83' lang='lat' dir='ltr'><strong>illustravit.</strong></span> <span class='ocrx_word' id='word_1_240' title='bbox 445 2783 504 2837; x_wconf 86' lang='lat' dir='ltr'><strong>Non</strong></span> <span class='ocrx_word' id='word_1_241' title='bbox 530 2790 571 2849; x_wconf 70' lang='lat' dir='ltr'><strong>cut</strong></span> <span class='ocrx_word' id='word_1_242' title='bbox 592 2792 679 2838; x_wconf 86' lang='lat' dir='ltr'><strong>nutem</strong></span> <span class='ocrx_word' id='word_1_243' title='bbox 697 2786 809 2838; x_wconf 87' lang='lat' dir='ltr'><strong>otiosum</strong></span> <span class='ocrx_word' id='word_1_244' title='bbox 828 2784 923 2840; x_wconf 81' lang='lat' dir='ltr'><strong>denso,</strong></span> <span class='ocrx_word' id='word_1_245' title='bbox 948 2790 978 2836; x_wconf 88' lang='lat' dir='ltr'><strong>ut</strong></span> <span class='ocrx_word' id='word_1_246' title='bbox 995 2785 1051 2851; x_wconf 86' lang='lat' dir='ltr'><strong>ipse</strong></span> <span class='ocrx_word' id='word_1_247' title='bbox 1071 2789 1157 2854; x_wconf 84' lang='lat' dir='ltr'><strong>rides,</strong></span> <span class='ocrx_word' id='word_1_248' title='bbox 1183 2794 1221 2844; x_wconf 89' lang='lat' dir='ltr'><strong>si-</strong></span> 
     </span>
     <span class='ocr_line' id='line_1_25' title="bbox 200 2882 1222 2953; baseline 0.005 -18"><span class='ocrx_word' id='word_1_249' title='bbox 200 2883 303 2950; x_wconf 80' lang='lat' dir='ltr'><strong>quidem</strong></span> <span class='ocrx_word' id='word_1_250' title='bbox 326 2899 386 2936; x_wconf 87' lang='lat' dir='ltr'><strong>raro</strong></span> <span class='ocrx_word' id='word_1_251' title='bbox 404 2882 482 2936; x_wconf 85' lang='lat' dir='ltr'><strong>deute</strong></span> <span class='ocrx_word' id='word_1_252' title='bbox 500 2899 551 2936; x_wconf 90' lang='lat' dir='ltr'><strong>nou</strong></span> <span class='ocrx_word' id='word_1_253' title='bbox 570 2883 636 2937; x_wconf 90' lang='lat' dir='ltr'><strong>bene</strong></span> <span class='ocrx_word' id='word_1_254' title='bbox 655 2884 769 2953; x_wconf 85' lang='lat' dir='ltr'><strong>pectitur</strong></span> <span class='ocrx_word' id='word_1_255' title='bbox 787 2899 871 2939; x_wconf 87' lang='lat' dir='ltr'><strong>coms.</strong></span> <span class='ocrx_word' id='word_1_256' title='bbox 912 2882 991 2936; x_wconf 82' lang='lat' dir='ltr'><strong>Nihili</strong></span> <span class='ocrx_word' id='word_1_257' title='bbox 1010 2900 1073 2937; x_wconf 80' lang='lat' dir='ltr'><strong>uero</strong></span> <span class='ocrx_word' id='word_1_258' title='bbox 1091 2891 1133 2937; x_wconf 86' lang='lat' dir='ltr'><strong>est</strong></span> <span class='ocrx_word' id='word_1_259' title='bbox 1151 2888 1222 2952; x_wconf 85' lang='lat' dir='ltr'><strong>quod</strong></span> 
     </span>
     <span class='ocr_line' id='line_1_26' title="bbox 199 2981 1220 3053; baseline 0.001 -19"><span class='ocrx_word' id='word_1_260' title='bbox 199 2981 322 3036; x_wconf 73' lang='lat' dir='ltr'><strong>Baculus</strong></span> <span class='ocrx_word' id='word_1_261' title='bbox 348 2981 481 3051; x_wconf 88' lang='lat' dir='ltr'><strong>epitbeton</strong></span> <span class='ocrx_word' id='word_1_262' title='bbox 508 2983 541 3035; x_wconf 87' lang='lat' dir='ltr'><strong>ad</strong></span> <span class='ocrx_word' id='word_1_263' title='bbox 568 2985 701 3035; x_wconf 77' lang='lat' dir='ltr'><strong>materiem</strong></span> <span class='ocrx_word' id='word_1_264' title='bbox 727 2982 837 3050; x_wconf 85' lang='lat' dir='ltr'><strong>pectinis</strong></span> <span class='ocrx_word' id='word_1_265' title='bbox 864 2988 938 3053; x_wconf 89' lang='lat' dir='ltr'><strong>putat</strong></span> <span class='ocrx_word' id='word_1_266' title='bbox 963 2983 1053 3036; x_wconf 82' lang='lat' dir='ltr'><strong>relecti</strong></span> <span class='ocrx_word' id='word_1_267' title='bbox 1079 2998 1165 3053; x_wconf 85' lang='lat' dir='ltr'><strong>posse.</strong></span> <span class='ocrx_word' id='word_1_268' title='bbox 1183 3012 1220 3027; x_wconf 88' lang='lat'><em>-</em></span> 
     </span>
     <span class='ocr_line' id='line_1_27' title="bbox 200 3080 1224 3152; baseline 0.001 -16"><span class='ocrx_word' id='word_1_269' title='bbox 200 3080 236 3136; x_wconf 79' lang='lat' dir='ltr'><strong>V.</strong></span> <span class='ocrx_word' id='word_1_270' title='bbox 252 3086 288 3134; x_wconf 80' lang='grc'><strong>69</strong></span> <span class='ocrx_word' id='word_1_271' title='bbox 306 3098 344 3150; x_wconf 80' lang='lat' dir='ltr'><strong>sq.</strong></span> <span class='ocrx_word' id='word_1_272' title='bbox 382 3082 454 3135; x_wconf 89' lang='lat' dir='ltr'><strong>Ista</strong></span> <span class='ocrx_word' id='word_1_273' title='bbox 472 3082 556 3136; x_wconf 88' lang='lat' dir='ltr'><strong>haec</strong></span> <span class='ocrx_word' id='word_1_274' title='bbox 576 3082 768 3152; x_wconf 87' lang='lat' dir='ltr'><strong>persuadet</strong></span> <span class='ocrx_word' id='word_1_275' title='bbox 787 3084 912 3150; x_wconf 79' lang='lat' dir='ltr'><strong>iacies,</strong></span> <span class='ocrx_word' id='word_1_276' title='bbox 937 3085 1050 3150; x_wconf 84' lang='lat' dir='ltr'><strong>ironice,</strong></span> <span class='ocrx_word' id='word_1_277' title='bbox 1076 3089 1105 3136; x_wconf 86' lang='lat' dir='ltr'><strong>ut</strong></span> <span class='ocrx_word' id='word_1_278' title='bbox 1123 3084 1224 3137; x_wconf 87' lang='lat' dir='ltr'><strong>monuit</strong></span> 
     </span>
     <span class='ocr_line' id='line_1_28' title="bbox 202 3180 1224 3251; baseline 0.005 -20"><span class='ocrx_word' id='word_1_279' title='bbox 202 3195 226 3231; x_wconf 86' lang='lat' dir='ltr'><strong>e.</strong></span> <span class='ocrx_word' id='word_1_280' title='bbox 243 3180 367 3235; x_wconf 73' lang='lat' dir='ltr'><strong>Murano</strong></span> <span class='ocrx_word' id='word_1_281' title='bbox 386 3189 414 3235; x_wconf 88' lang='lat' dir='ltr'><strong>et</strong></span> <span class='ocrx_word' id='word_1_282' title='bbox 429 3181 538 3236; x_wconf 71' lang='lat' dir='ltr'><strong>vicmo</strong></span> <span class='ocrx_word' id='word_1_283' title='bbox 557 3181 695 3237; x_wconf 79' lang='lat' dir='ltr'><strong>Hermus.</strong></span> <span class='ocrx_word' id='word_1_284' title='bbox 733 3185 856 3249; x_wconf 85' lang='lat' dir='ltr'><strong>Scilicet,</strong></span> <span class='ocrx_word' id='word_1_285' title='bbox 882 3185 978 3251; x_wconf 89' lang='lat' dir='ltr'><strong>inquit,</strong></span> <span class='ocrx_word' id='word_1_286' title='bbox 1003 3185 1053 3237; x_wconf 87' lang='lat' dir='ltr'><strong>ista</strong></span> <span class='ocrx_word' id='word_1_287' title='bbox 1071 3191 1116 3237; x_wconf 87' lang='lat' dir='ltr'><strong>tua</strong></span> <span class='ocrx_word' id='word_1_288' title='bbox 1134 3183 1224 3236; x_wconf 81' lang='lat' dir='ltr'><strong>desor-</strong></span> 
     </span>
     <span class='ocr_line' id='line_1_29' title="bbox 203 3278 1223 3353; baseline 0.002 -19"><span class='ocrx_word' id='word_1_289' title='bbox 203 3278 253 3334; x_wconf 85' lang='lat' dir='ltr'><strong>mis</strong></span> <span class='ocrx_word' id='word_1_290' title='bbox 270 3287 298 3335; x_wconf 89' lang='lat' dir='ltr'><strong>et</strong></span> <span class='ocrx_word' id='word_1_291' title='bbox 314 3287 381 3336; x_wconf 84' lang='lat' dir='ltr'><strong>tetra</strong></span> <span class='ocrx_word' id='word_1_292' title='bbox 399 3283 480 3337; x_wconf 82' lang='lat' dir='ltr'><strong>iacies</strong></span> <span class='ocrx_word' id='word_1_293' title='bbox 499 3285 639 3353; x_wconf 80' lang='lat' dir='ltr'><strong>pessundet</strong></span> <span class='ocrx_word' id='word_1_294' title='bbox 659 3285 709 3350; x_wconf 90' lang='lat' dir='ltr'><strong>illl,</strong></span> <span class='ocrx_word' id='word_1_295' title='bbox 735 3291 766 3337; x_wconf 94' lang='lat' dir='ltr'><strong>ut</strong></span> <span class='ocrx_word' id='word_1_296' title='bbox 783 3284 894 3337; x_wconf 75' lang='lat' dir='ltr'><strong>armillas</strong></span> <span class='ocrx_word' id='word_1_297' title='bbox 911 3299 1004 3336; x_wconf 78' lang='lat' dir='ltr'><strong>astreas</strong></span> <span class='ocrx_word' id='word_1_298' title='bbox 1021 3289 1097 3351; x_wconf 83' lang='lat' dir='ltr'><strong>gerat</strong></span> <span class='ocrx_word' id='word_1_299' title='bbox 1115 3291 1142 3336; x_wconf 87' lang='lat' dir='ltr'><strong>et</strong></span> <span class='ocrx_word' id='word_1_300' title='bbox 1160 3298 1223 3351; x_wconf 91' lang='lat' dir='ltr'><strong>pur-</strong></span> 
     </span>
     <span class='ocr_line' id='line_1_30' title="bbox 202 3380 1225 3452; baseline 0.001 -19"><span class='ocrx_word' id='word_1_301' title='bbox 202 3396 269 3451; x_wconf 86' lang='lat' dir='ltr'><strong>pum</strong></span> <span class='ocrx_word' id='word_1_302' title='bbox 295 3398 325 3437; x_wconf 89' lang='lat' dir='ltr'><strong>se</strong></span> <span class='ocrx_word' id='word_1_303' title='bbox 349 3385 450 3437; x_wconf 79' lang='lat' dir='ltr'><strong>restlat.</strong></span> <span class='ocrx_word' id='word_1_304' title='bbox 486 3385 548 3434; x_wconf 78' lang='lat' dir='ltr'><strong>isto</strong></span> <span class='ocrx_word' id='word_1_305' title='bbox 575 3383 641 3433; x_wconf 80' lang='lat' dir='ltr'><strong>baso</strong></span> <span class='ocrx_word' id='word_1_306' title='bbox 666 3384 760 3449; x_wconf 79' lang='lat' dir='ltr'><strong>lunge,</strong></span> <span class='ocrx_word' id='word_1_307' title='bbox 785 3383 863 3434; x_wconf 85' lang='lat' dir='ltr'><strong>veluti</strong></span> <span class='ocrx_word' id='word_1_308' title='bbox 889 3383 1018 3434; x_wconf 81' lang='lat' dir='ltr'><strong>Puaunoa</strong></span> <span class='ocrx_word' id='word_1_309' title='bbox 1044 3380 1170 3452; x_wconf 77' lang='lat' dir='ltr'><strong>Amphitr.</strong></span> <span class='ocrx_word' id='word_1_310' title='bbox 1188 3382 1225 3447; x_wconf 91' lang='lat' dir='ltr'><strong>ll,</strong></span> 
     </span>
     <span class='ocr_line' id='line_1_31' title="bbox 200 3478 1223 3552; baseline 0 -17"><span class='ocrx_word' id='word_1_311' title='bbox 200 3484 311 3549; x_wconf 53' lang='lat'>2125·</span> <span class='ocrx_word' id='word_1_312' title='bbox 328 3480 405 3535; x_wconf 68' lang='lat' dir='ltr'><strong>dicite</strong></span> <span class='ocrx_word' id='word_1_313' title='bbox 434 3482 495 3534; x_wconf 79' lang='lat' dir='ltr'><strong>Scio</strong></span> <span class='ocrx_word' id='word_1_314' title='bbox 511 3480 568 3534; x_wconf 79' lang='lat' dir='ltr'><strong>iata</strong></span> <span class='ocrx_word' id='word_1_315' title='bbox 587 3478 654 3532; x_wconf 82' lang='lat' dir='ltr'><strong>ltnec</strong></span> <span class='ocrx_word' id='word_1_316' title='bbox 665 3480 767 3552; x_wconf 79' lang='lat' dir='ltr'><strong>fucta,</strong></span> <span class='ocrx_word' id='word_1_317' title='bbox 787 3478 900 3548; x_wconf 81' lang='lat' dir='ltr'><strong>proinde</strong></span> <span class='ocrx_word' id='word_1_318' title='bbox 918 3488 950 3529; x_wconf 83' lang='lat' dir='ltr'><strong>ut</strong></span> <span class='ocrx_word' id='word_1_319' title='bbox 970 3479 1089 3551; x_wconf 82' lang='lat' dir='ltr'><strong>eloquor.</strong></span> <span class='ocrx_word' id='word_1_320' title='bbox 1125 3479 1223 3535; x_wconf 84' lang='lat' dir='ltr'><strong>Notum</strong></span> 
     </span>
     <span class='ocr_line' id='line_1_32' title="bbox 202 3580 1225 3654; baseline 0.001 -17"><span class='ocrx_word' id='word_1_321' title='bbox 202 3592 244 3638; x_wconf 83' lang='lat' dir='ltr'><strong>est</strong></span> <span class='ocrx_word' id='word_1_322' title='bbox 265 3586 318 3637; x_wconf 84' lang='lat' dir='ltr'><strong>ists</strong></span> <span class='ocrx_word' id='word_1_323' title='bbox 341 3585 481 3639; x_wconf 72' lang='lat' dir='ltr'><strong>mundam</strong></span> <span class='ocrx_word' id='word_1_324' title='bbox 505 3599 641 3654; x_wconf 78' lang='lat' dir='ltr'><strong>personum</strong></span> <span class='ocrx_word' id='word_1_325' title='bbox 666 3583 822 3650; x_wconf 77' lang='lat' dir='ltr'><strong>signiticsre.</strong></span> <span class='ocrx_word' id='word_1_326' title='bbox 866 3583 951 3648; x_wconf 81' lang='lat' dir='ltr'><strong>Atque</strong></span> <span class='ocrx_word' id='word_1_327' title='bbox 976 3580 1044 3632; x_wconf 77' lang='lat' dir='ltr'><strong>hoec</strong></span> <span class='ocrx_word' id='word_1_328' title='bbox 1068 3590 1148 3651; x_wconf 78' lang='lat' dir='ltr'><strong>auget</strong></span> <span class='ocrx_word' id='word_1_329' title='bbox 1173 3584 1225 3638; x_wconf 83' lang='lat' dir='ltr'><strong>rim</strong></span> 
     </span>
     <span class='ocr_line' id='line_1_33' title="bbox 204 3676 1225 3751; baseline 0.003 -20"><span class='ocrx_word' id='word_1_330' title='bbox 204 3681 309 3737; x_wconf 88' lang='lat' dir='ltr'><strong>lrouiae.</strong></span> <span class='ocrx_word' id='word_1_331' title='bbox 352 3685 383 3739; x_wconf 84' lang='lat' dir='ltr'><strong>Sl</strong></span> <span class='ocrx_word' id='word_1_332' title='bbox 402 3689 492 3739; x_wconf 86' lang='lat' dir='ltr'><strong>contra</strong></span> <span class='ocrx_word' id='word_1_333' title='bbox 509 3684 647 3751; x_wconf 76' lang='lat' dir='ltr'><strong>iungeress</strong></span> <span class='ocrx_word' id='word_1_334' title='bbox 674 3677 816 3748; x_wconf 79' lang='lat' dir='ltr'><strong>persuadet</strong></span> <span class='ocrx_word' id='word_1_335' title='bbox 835 3676 916 3744; x_wconf 83' lang='lat' dir='ltr'><strong>baec,</strong></span> <span class='ocrx_word' id='word_1_336' title='bbox 941 3686 1013 3733; x_wconf 88' lang='lat' dir='ltr'><strong>recte</strong></span> <span class='ocrx_word' id='word_1_337' title='bbox 1032 3687 1120 3735; x_wconf 87' lang='lat' dir='ltr'><strong>mouet</strong></span> <span class='ocrx_word' id='word_1_338' title='bbox 1137 3680 1225 3734; x_wconf 73' lang='lat' dir='ltr'><strong>wis-</strong></span> 
     </span>
     <span class='ocr_line' id='line_1_34' title="bbox 207 3775 1226 3850; baseline -0.013 -13"><span class='ocrx_word' id='word_1_339' title='bbox 207 3792 376 3833; x_wconf 74' lang='lat' dir='ltr'><strong>llmwmus</strong></span> <span class='ocrx_word' id='word_1_340' title='bbox 401 3784 446 3836; x_wconf 76' lang='lat' dir='ltr'><strong>rix</strong></span> <span class='ocrx_word' id='word_1_341' title='bbox 470 3783 562 3836; x_wconf 84' lang='lat' dir='ltr'><strong>abesse</strong></span> <span class='ocrx_word' id='word_1_342' title='bbox 586 3796 664 3850; x_wconf 90' lang='lat' dir='ltr'><strong>posse</strong></span> <span class='ocrx_word' id='word_1_343' title='bbox 689 3786 731 3830; x_wconf 79' lang='lat' dir='ltr'><strong>ur.</strong></span> <span class='ocrx_word' id='word_1_344' title='bbox 768 3775 845 3829; x_wconf 87' lang='lat' dir='ltr'><strong>Nunc</strong></span> <span class='ocrx_word' id='word_1_345' title='bbox 870 3780 1046 3830; x_wconf 74' lang='lat' dir='ltr'><strong>constmctior</strong></span> <span class='ocrx_word' id='word_1_346' title='bbox 1069 3776 1226 3845; x_wconf 76' lang='lat' dir='ltr'><strong>persuadet,</strong></span> 
     </span>
     <span class='ocr_line' id='line_1_35' title="bbox 207 3873 1227 3947; baseline 0.001 -21"><span class='ocrx_word' id='word_1_347' title='bbox 207 3873 310 3927; x_wconf 72' lang='lat' dir='ltr'><strong>vincins</strong></span> <span class='ocrx_word' id='word_1_348' title='bbox 327 3885 355 3926; x_wconf 84' lang='lat' dir='ltr'><strong>et</strong></span> <span class='ocrx_word' id='word_1_349' title='bbox 369 3878 494 3945; x_wconf 78' lang='lat' dir='ltr'><strong>prodest,</strong></span> <span class='ocrx_word' id='word_1_350' title='bbox 511 3886 553 3933; x_wconf 79' lang='lat' dir='ltr'><strong>est</strong></span> <span class='ocrx_word' id='word_1_351' title='bbox 569 3879 652 3947; x_wconf 82' lang='lat' dir='ltr'><strong>qualis</strong></span> <span class='ocrx_word' id='word_1_352' title='bbox 670 3876 740 3946; x_wconf 90' lang='lat' dir='ltr'><strong>apud</strong></span> <span class='ocrx_word' id='word_1_353' title='bbox 759 3878 938 3929; x_wconf 67' lang='lat' dir='ltr'><strong>saturamur</strong></span> <span class='ocrx_word' id='word_1_354' title='bbox 957 3875 1133 3943; x_wconf 55' lang='lat' dir='ltr'><strong>ingenim&amp;</strong></span> <span class='ocrx_word' id='word_1_355' title='bbox 1153 3875 1227 3927; x_wconf 85' lang='lat' dir='ltr'><strong>Huic</strong></span> 
     </span>
     <span class='ocr_line' id='line_1_36' title="bbox 205 3973 1228 4049; baseline 0.004 -25"><span class='ocrx_word' id='word_1_356' title='bbox 205 3975 252 4042; x_wconf 70' lang='lat' dir='ltr'><strong>ep.</strong></span> <span class='ocrx_word' id='word_1_357' title='bbox 271 3973 406 4035; x_wconf 76' lang='lat' dir='ltr'><strong>Albinus,</strong></span> <span class='ocrx_word' id='word_1_358' title='bbox 434 3979 481 4049; x_wconf 82' lang='lat' dir='ltr'><strong>qui</strong></span> <span class='ocrx_word' id='word_1_359' title='bbox 494 3998 626 4049; x_wconf 81' lang='lat' dir='ltr'><strong>proxumo</strong></span> <span class='ocrx_word' id='word_1_360' title='bbox 644 3995 715 4030; x_wconf 80' lang='lat' dir='ltr'><strong>anno</strong></span> <span class='ocrx_word' id='word_1_361' title='bbox 736 3986 801 4047; x_wconf 77' lang='lat' dir='ltr'><strong>post</strong></span> <span class='ocrx_word' id='word_1_362' title='bbox 819 3974 961 4028; x_wconf 74' lang='lat' dir='ltr'><strong>Boeotium</strong></span> <span class='ocrx_word' id='word_1_363' title='bbox 978 3992 1037 4027; x_wconf 86' lang='lat' dir='ltr'><strong>cum</strong></span> <span class='ocrx_word' id='word_1_364' title='bbox 1056 3978 1088 4044; x_wconf 82' lang='lat' dir='ltr'><strong>Q.</strong></span> <span class='ocrx_word' id='word_1_365' title='bbox 1105 3974 1228 4028; x_wconf 83' lang='lat' dir='ltr'><strong>Minucio</strong></span> 
     </span>
     <span class='ocr_line' id='line_1_37' title="bbox 203 4070 1229 4147; baseline 0.002 -24"><span class='ocrx_word' id='word_1_366' title='bbox 203 4070 283 4143; x_wconf 78' lang='lat' dir='ltr'><strong>Ruso</strong></span> <span class='ocrx_word' id='word_1_367' title='bbox 299 4072 471 4125; x_wconf 79' lang='lat' dir='ltr'><strong>consulatum</strong></span> <span class='ocrx_word' id='word_1_368' title='bbox 488 4075 612 4147; x_wconf 79' lang='lat' dir='ltr'><strong>gerebat,</strong></span> <span class='ocrx_word' id='word_1_369' title='bbox 632 4075 779 4146; x_wconf 81' lang='lat' dir='ltr'><strong>persuadet</strong></span> <span class='ocrx_word' id='word_1_370' title='bbox 799 4076 925 4147; x_wconf 81' lang='lat' dir='ltr'><strong>quoniam</strong></span> <span class='ocrx_word' id='word_1_371' title='bbox 942 4074 1077 4143; x_wconf 81' lang='lat' dir='ltr'><strong>exstirpe</strong></span> <span class='ocrx_word' id='word_1_372' title='bbox 1095 4072 1229 4126; x_wconf 80' lang='lat' dir='ltr'><strong>Masinis-</strong></span> 
     </span>
     <span class='ocr_line' id='line_1_38' title="bbox 204 4171 1229 4247; baseline -0.003 -22"><span class='ocrx_word' id='word_1_373' title='bbox 204 4187 253 4225; x_wconf 81' lang='lat' dir='ltr'><strong>sae</strong></span> <span class='ocrx_word' id='word_1_374' title='bbox 286 4171 326 4225; x_wconf 83' lang='lat' dir='ltr'><strong>sit</strong></span> <span class='ocrx_word' id='word_1_375' title='bbox 352 4172 571 4247; x_wconf 73' lang='lat' dir='ltr'><strong>Iugurthamque</strong></span> <span class='ocrx_word' id='word_1_376' title='bbox 604 4173 636 4228; x_wconf 78' lang='lat' dir='ltr'><strong>ob</strong></span> <span class='ocrx_word' id='word_1_377' title='bbox 664 4174 766 4229; x_wconf 67' lang='lat' dir='ltr'><strong>scebro</strong></span> <span class='ocrx_word' id='word_1_378' title='bbox 794 4172 899 4227; x_wconf 79' lang='lat' dir='ltr'><strong>inuidia</strong></span> <span class='ocrx_word' id='word_1_379' title='bbox 927 4190 987 4226; x_wconf 87' lang='lat' dir='ltr'><strong>cum</strong></span> <span class='ocrx_word' id='word_1_380' title='bbox 1016 4182 1088 4226; x_wconf 84' lang='lat' dir='ltr'><strong>metu</strong></span> <span class='ocrx_word' id='word_1_381' title='bbox 1121 4179 1229 4244; x_wconf 76' lang='lat' dir='ltr'><strong>urgent,</strong></span> 
     </span>
    </p>
   </div>
   <div class='ocr_carea' id='block_1_3' title="bbox 0 0 1529 4725">
    <p class='ocr_par' dir='ltr' id='par_1_3' title="bbox 0 0 1529 4725">
     <span class='ocr_line' id='line_1_39' title="bbox 0 0 1529 4725; baseline 0 0"><span class='ocrx_word' id='word_1_382' title='bbox 0 0 1529 4725; x_wconf 95' lang='lat' dir='ltr'><strong> </strong></span> 
     </span>
    </p>
   </div>
  </div>
 </body>
</html>
