<?xml version="1.0" encoding="UTF-8"?>
<!DOCTYPE html PUBLIC "-//W3C//DTD XHTML 1.0 Transitional//EN"
    "http://www.w3.org/TR/xhtml1/DTD/xhtml1-transitional.dtd">
<html xmlns="http://www.w3.org/1999/xhtml" xml:lang="en" lang="en">
 <head>
  <title>
</title>
<meta http-equiv="Content-Type" content="text/html;charset=utf-8" />
  <meta name='ocr-system' content='tesseract 3.04.00' />
  <meta name='ocr-capabilities' content='ocr_page ocr_carea ocr_par ocr_line ocrx_word'/>
</head>
<body>
  <div class='ocr_page' id='page_1' title='image "albiitibullicar00unkngoog_0705.png"; bbox 0 0 3009 4725; ppageno 0'>
   <div class='ocr_carea' id='block_1_1' title="bbox 452 286 1165 357">
    <p class='ocr_par' dir='ltr' id='par_1_1' title="bbox 452 286 1165 357">
     <span class='ocr_line' id='line_1_1' title="bbox 452 286 1165 357; baseline 0.01 -6"><span class='ocrx_word' id='word_1_1' title='bbox 452 286 564 351; x_wconf 82' lang='lat' dir='ltr'><strong>LIBR.</strong></span> <span class='ocrx_word' id='word_1_2' title='bbox 585 286 640 351; x_wconf 86' lang='lat'><em>111.</em></span> <span class='ocrx_word' id='word_1_3' title='bbox 683 286 806 353; x_wconf 84' lang='lat' dir='ltr'><strong>ELEG.</strong></span> <span class='ocrx_word' id='word_1_4' title='bbox 828 290 869 352; x_wconf 87' lang='lat' dir='ltr'>V.</span> <span class='ocrx_word' id='word_1_5' title='bbox 1103 303 1165 357; x_wconf 76' lang='lat'>369</span> 
     </span>
    </p>
   </div>
   <div class='ocr_carea' id='block_1_2' title="bbox 111 459 1214 3805">
    <p class='ocr_par' dir='ltr' id='par_1_2' title="bbox 111 459 1214 3805">
     <span class='ocr_line' id='line_1_2' title="bbox 147 459 1166 536; baseline 0.006 -18"><span class='ocrx_word' id='word_1_6' title='bbox 147 471 269 521; x_wconf 67' lang='lat' dir='ltr'>(letemur</span> <span class='ocrx_word' id='word_1_7' title='bbox 298 463 419 516; x_wconf 73' lang='lat' dir='ltr'><strong>Tibullus</strong></span> <span class='ocrx_word' id='word_1_8' title='bbox 447 461 553 528; x_wconf 88' lang='lat' dir='ltr'>proprie</span> <span class='ocrx_word' id='word_1_9' title='bbox 582 459 665 513; x_wconf 76' lang='lat' dir='ltr'>diuite</span> <span class='ocrx_word' id='word_1_10' title='bbox 700 463 826 532; x_wconf 88' lang='lat' dir='ltr'>temporis</span> <span class='ocrx_word' id='word_1_11' title='bbox 853 464 932 533; x_wconf 83' lang='lat' dir='ltr'>prisci</span> <span class='ocrx_word' id='word_1_12' title='bbox 962 466 1030 520; x_wconf 75' lang='lat' dir='ltr'>lectt</span> <span class='ocrx_word' id='word_1_13' title='bbox 1058 470 1166 536; x_wconf 77' lang='lat' dir='ltr'>reterre,</span> 
     </span>
     <span class='ocr_line' id='line_1_3' title="bbox 146 559 1165 634; baseline 0.008 -17"><span class='ocrx_word' id='word_1_14' title='bbox 146 567 297 634; x_wconf 72' lang='lat' dir='ltr'>Lygdamus</span> <span class='ocrx_word' id='word_1_15' title='bbox 321 563 406 615; x_wconf 88' lang='lat' dir='ltr'>minos</span> <span class='ocrx_word' id='word_1_16' title='bbox 432 559 550 630; x_wconf 78' lang='lat' dir='ltr'>propriec</span> <span class='ocrx_word' id='word_1_17' title='bbox 581 565 700 628; x_wconf 80' lang='lat' dir='ltr'>tenpore</span> <span class='ocrx_word' id='word_1_18' title='bbox 725 563 810 631; x_wconf 82' lang='lat' dir='ltr'>prisce</span> <span class='ocrx_word' id='word_1_19' title='bbox 836 563 944 617; x_wconf 79' lang='lat' dir='ltr'>reterre.</span> <span class='ocrx_word' id='word_1_20' title='bbox 961 593 997 605; x_wconf 91' lang='lat'><em>-</em></span> <span class='ocrx_word' id='word_1_21' title='bbox 1027 568 1165 626; x_wconf 86' lang='lat' dir='ltr'>Postremo</span> 
     </span>
     <span class='ocr_line' id='line_1_4' title="bbox 148 656 1165 736; baseline 0.005 -18"><span class='ocrx_word' id='word_1_22' title='bbox 148 666 181 718; x_wconf 89' lang='lat' dir='ltr'>de</span> <span class='ocrx_word' id='word_1_23' title='bbox 204 669 261 716; x_wconf 90' lang='lat' dir='ltr'>toto</span> <span class='ocrx_word' id='word_1_24' title='bbox 278 662 338 714; x_wconf 89' lang='lat' dir='ltr'>loco</span> <span class='ocrx_word' id='word_1_25' title='bbox 362 657 530 721; x_wconf 71' lang='lat' dir='ltr'>observabis,</span> <span class='ocrx_word' id='word_1_26' title='bbox 557 656 686 727; x_wconf 82' lang='lat' dir='ltr'>quomodo</span> <span class='ocrx_word' id='word_1_27' title='bbox 710 674 779 712; x_wconf 88' lang='lat' dir='ltr'>nuuc</span> <span class='ocrx_word' id='word_1_28' title='bbox 804 667 906 729; x_wconf 75' lang='lat' dir='ltr'>repetat</span> <span class='ocrx_word' id='word_1_29' title='bbox 930 670 1008 731; x_wconf 87' lang='lat' dir='ltr'>poete</span> <span class='ocrx_word' id='word_1_30' title='bbox 1025 670 1165 736; x_wconf 72' lang='lat' dir='ltr'>superiora.</span> 
     </span>
     <span class='ocr_line' id='line_1_5' title="bbox 148 757 1167 821; baseline 0.003 -3"><span class='ocrx_word' id='word_1_31' title='bbox 148 767 178 818; x_wconf 90' lang='lat' dir='ltr'>Si</span> <span class='ocrx_word' id='word_1_32' title='bbox 195 764 287 817; x_wconf 87' lang='lat' dir='ltr'>codem</span> <span class='ocrx_word' id='word_1_33' title='bbox 305 761 361 814; x_wconf 81' lang='lat' dir='ltr'>lere</span> <span class='ocrx_word' id='word_1_34' title='bbox 384 758 463 814; x_wconf 91' lang='lat' dir='ltr'>modo</span> <span class='ocrx_word' id='word_1_35' title='bbox 487 759 584 811; x_wconf 86' lang='lat' dir='ltr'>iterum</span> <span class='ocrx_word' id='word_1_36' title='bbox 609 757 719 811; x_wconf 78' lang='lat' dir='ltr'>dixisset</span> <span class='ocrx_word' id='word_1_37' title='bbox 744 760 779 812; x_wconf 88' lang='lat' dir='ltr'>de</span> <span class='ocrx_word' id='word_1_38' title='bbox 802 761 947 815; x_wconf 85' lang='lat' dir='ltr'>innocentia</span> <span class='ocrx_word' id='word_1_39' title='bbox 966 780 1013 817; x_wconf 83' lang='lat' dir='ltr'>sue</span> <span class='ocrx_word' id='word_1_40' title='bbox 1031 774 1058 819; x_wconf 90' lang='lat' dir='ltr'>et</span> <span class='ocrx_word' id='word_1_41' title='bbox 1076 768 1167 821; x_wconf 81' lang='lat' dir='ltr'>iuren-</span> 
     </span>
     <span class='ocr_line' id='line_1_6' title="bbox 148 857 1214 933; baseline 0.007 -17"><span class='ocrx_word' id='word_1_42' title='bbox 148 869 205 916; x_wconf 88' lang='lat' dir='ltr'>tnte</span> <span class='ocrx_word' id='word_1_43' title='bbox 222 871 251 915; x_wconf 88' lang='lat' dir='ltr'>ut</span> <span class='ocrx_word' id='word_1_44' title='bbox 272 876 360 929; x_wconf 86' lang='lat' dir='ltr'>supra,</span> <span class='ocrx_word' id='word_1_45' title='bbox 378 858 520 927; x_wconf 84' lang='lat' dir='ltr'>vituperari</span> <span class='ocrx_word' id='word_1_46' title='bbox 537 857 648 911; x_wconf 78' lang='lat' dir='ltr'>deberet</span> <span class='ocrx_word' id='word_1_47' title='bbox 665 859 789 925; x_wconf 72' lang='lat' dir='ltr'>graviter,</span> <span class='ocrx_word' id='word_1_48' title='bbox 807 862 853 914; x_wconf 87' lang='lat' dir='ltr'>sed</span> <span class='ocrx_word' id='word_1_49' title='bbox 871 861 992 918; x_wconf 85' lang='lat' dir='ltr'>beenon</span> <span class='ocrx_word' id='word_1_50' title='bbox 1012 866 1082 933; x_wconf 87' lang='lat' dir='ltr'>lecit,</span> <span class='ocrx_word' id='word_1_51' title='bbox 1100 869 1167 923; x_wconf 89' lang='lat' dir='ltr'>redit</span> <span class='ocrx_word' id='word_1_52' title='bbox 1208 897 1214 906; x_wconf 90' lang='lat'><strong>·</strong></span> 
     </span>
     <span class='ocr_line' id='line_1_7' title="bbox 148 956 1167 1034; baseline 0.005 -19"><span class='ocrx_word' id='word_1_53' title='bbox 148 964 200 1016; x_wconf 87' lang='lat' dir='ltr'>elio</span> <span class='ocrx_word' id='word_1_54' title='bbox 218 962 296 1015; x_wconf 87' lang='lat' dir='ltr'>ruodo</span> <span class='ocrx_word' id='word_1_55' title='bbox 315 960 349 1012; x_wconf 87' lang='lat' dir='ltr'>sd</span> <span class='ocrx_word' id='word_1_56' title='bbox 367 974 415 1022; x_wconf 87' lang='lat' dir='ltr'>ea;</span> <span class='ocrx_word' id='word_1_57' title='bbox 443 963 472 1010; x_wconf 89' lang='lat' dir='ltr'>et</span> <span class='ocrx_word' id='word_1_58' title='bbox 495 971 586 1025; x_wconf 82' lang='lat' dir='ltr'>puram</span> <span class='ocrx_word' id='word_1_59' title='bbox 613 956 691 1009; x_wconf 82' lang='lat' dir='ltr'>vitem</span> <span class='ocrx_word' id='word_1_60' title='bbox 717 958 846 1024; x_wconf 78' lang='lat' dir='ltr'>siguificat</span> <span class='ocrx_word' id='word_1_61' title='bbox 867 959 970 1028; x_wconf 69' lang='lat' dir='ltr'>Elysios</span> <span class='ocrx_word' id='word_1_62' title='bbox 988 980 1093 1034; x_wconf 73' lang='lat' dir='ltr'>campos</span> <span class='ocrx_word' id='word_1_63' title='bbox 1110 983 1167 1021; x_wconf 83' lang='lat' dir='ltr'>me·</span> 
     </span>
     <span class='ocr_line' id='line_1_8' title="bbox 150 1052 1167 1124; baseline 0.002 -11"><span class='ocrx_word' id='word_1_64' title='bbox 150 1075 268 1124; x_wconf 85' lang='lat' dir='ltr'>morans,</span> <span class='ocrx_word' id='word_1_65' title='bbox 295 1059 455 1111; x_wconf 82' lang='lat' dir='ltr'>iuventutem</span> <span class='ocrx_word' id='word_1_66' title='bbox 475 1070 554 1119; x_wconf 83' lang='lat' dir='ltr'>vero,</span> <span class='ocrx_word' id='word_1_67' title='bbox 579 1052 642 1106; x_wconf 81' lang='lat' dir='ltr'>oliuu</span> <span class='ocrx_word' id='word_1_68' title='bbox 666 1052 756 1106; x_wconf 86' lang='lat' dir='ltr'>diceus</span> <span class='ocrx_word' id='word_1_69' title='bbox 779 1069 809 1107; x_wconf 85' lang='lat' dir='ltr'>se</span> <span class='ocrx_word' id='word_1_70' title='bbox 833 1058 962 1113; x_wconf 84' lang='lat' dir='ltr'>editurum</span> <span class='ocrx_word' id='word_1_71' title='bbox 987 1061 1083 1119; x_wconf 80' lang='lat' dir='ltr'>Orcum</span> <span class='ocrx_word' id='word_1_72' title='bbox 1108 1082 1167 1121; x_wconf 82' lang='lat' dir='ltr'>enm</span> 
     </span>
     <span class='ocr_line' id='line_1_9' title="bbox 151 1152 1169 1225; baseline 0 -13"><span class='ocrx_word' id='word_1_73' title='bbox 151 1175 234 1225; x_wconf 76' lang='lat' dir='ltr'>rugae</span> <span class='ocrx_word' id='word_1_74' title='bbox 256 1158 398 1211; x_wconf 58' lang='lat' dir='ltr'>”nectutis</span> <span class='ocrx_word' id='word_1_75' title='bbox 422 1154 546 1208; x_wconf 78' lang='lat' dir='ltr'>venerint.</span> <span class='ocrx_word' id='word_1_76' title='bbox 588 1154 679 1210; x_wconf 82' lang='lat' dir='ltr'>Quurc</span> <span class='ocrx_word' id='word_1_77' title='bbox 704 1152 823 1221; x_wconf 83' lang='lat' dir='ltr'>prolecto</span> <span class='ocrx_word' id='word_1_78' title='bbox 847 1156 903 1208; x_wconf 83' lang='lat' dir='ltr'>siue</span> <span class='ocrx_word' id='word_1_79' title='bbox 925 1174 1003 1212; x_wconf 82' lang='lat' dir='ltr'>ceusu</span> <span class='ocrx_word' id='word_1_80' title='bbox 1028 1163 1169 1219; x_wconf 63' lang='lat' dir='ltr'>Speremus</span> 
     </span>
     <span class='ocr_line' id='line_1_10' title="bbox 154 1253 1169 1329; baseline 0.004 -17"><span class='ocrx_word' id='word_1_81' title='bbox 154 1267 260 1329; x_wconf 91' lang='lat' dir='ltr'>propter</span> <span class='ocrx_word' id='word_1_82' title='bbox 284 1257 348 1311; x_wconf 82' lang='lat' dir='ltr'>baec</span> <span class='ocrx_word' id='word_1_83' title='bbox 373 1257 433 1310; x_wconf 87' lang='lat' dir='ltr'>eilei</span> <span class='ocrx_word' id='word_1_84' title='bbox 455 1255 539 1308; x_wconf 83' lang='lat' dir='ltr'>noluit</span> <span class='ocrx_word' id='word_1_85' title='bbox 555 1253 698 1322; x_wconf 74' lang='lat' dir='ltr'>superlore.</span> <span class='ocrx_word' id='word_1_86' title='bbox 717 1280 754 1292; x_wconf 90' lang='lat'>-</span> <span class='ocrx_word' id='word_1_87' title='bbox 787 1254 900 1321; x_wconf 78' lang='lat' dir='ltr'>seque</span> <span class='ocrx_word' id='word_1_88' title='bbox 930 1259 1058 1312; x_wconf 86' lang='lat' dir='ltr'>utluem</span> <span class='ocrx_word' id='word_1_89' title='bbox 1082 1277 1169 1316; x_wconf 83' lang='lat' dir='ltr'>vano</span> 
     </span>
     <span class='ocr_line' id='line_1_11' title="bbox 152 1352 1171 1421; baseline 0.002 -10"><span class='ocrx_word' id='word_1_90' title='bbox 152 1366 203 1411; x_wconf 86' lang='lat' dir='ltr'>etc.</span> <span class='ocrx_word' id='word_1_91' title='bbox 241 1359 343 1409; x_wconf 88' lang='lat' dir='ltr'>Utinem</span> <span class='ocrx_word' id='word_1_92' title='bbox 362 1355 457 1420; x_wconf 76' lang='lat' dir='ltr'>febris,</span> <span class='ocrx_word' id='word_1_93' title='bbox 481 1370 533 1421; x_wconf 82' lang='lat' dir='ltr'>qua</span> <span class='ocrx_word' id='word_1_94' title='bbox 550 1353 652 1419; x_wconf 81' lang='lat' dir='ltr'>laboro,</span> <span class='ocrx_word' id='word_1_95' title='bbox 671 1352 767 1405; x_wconf 73' lang='lat' dir='ltr'>trustra</span> <span class='ocrx_word' id='word_1_96' title='bbox 786 1367 828 1406; x_wconf 81' lang='lat' dir='ltr'>tue</span> <span class='ocrx_word' id='word_1_97' title='bbox 846 1360 944 1410; x_wconf 89' lang='lat' dir='ltr'>terreat</span> <span class='ocrx_word' id='word_1_98' title='bbox 961 1365 1037 1412; x_wconf 80' lang='lat' dir='ltr'>sesto</span> <span class='ocrx_word' id='word_1_99' title='bbox 1054 1376 1103 1415; x_wconf 88' lang='lat' dir='ltr'>suo</span> <span class='ocrx_word' id='word_1_100' title='bbox 1121 1379 1171 1417; x_wconf 88' lang='lat' dir='ltr'>ne-</span> 
     </span>
     <span class='ocr_line' id='line_1_12' title="bbox 152 1453 1170 1523; baseline 0.008 -16"><span class='ocrx_word' id='word_1_101' title='bbox 152 1471 204 1522; x_wconf 85' lang='lat' dir='ltr'>que</span> <span class='ocrx_word' id='word_1_102' title='bbox 221 1454 414 1508; x_wconf 78' lang='lat' dir='ltr'>mortiterusit</span> <span class='ocrx_word' id='word_1_103' title='bbox 434 1480 470 1493; x_wconf 91' lang='lat'><em>-</em></span> <span class='ocrx_word' id='word_1_104' title='bbox 495 1454 679 1521; x_wconf 74' lang='lat' dir='ltr'>Leugucnt</span> <span class='ocrx_word' id='word_1_105' title='bbox 703 1459 761 1506; x_wconf 89' lang='lat' dir='ltr'>ter</span> <span class='ocrx_word' id='word_1_106' title='bbox 779 1453 978 1523; x_wconf 83' lang='lat' dir='ltr'>quinossqq.</span> <span class='ocrx_word' id='word_1_107' title='bbox 1014 1458 1074 1513; x_wconf 86' lang='lat' dir='ltr'>Nou</span> <span class='ocrx_word' id='word_1_108' title='bbox 1099 1462 1170 1518; x_wconf 69' lang='lat' dir='ltr'>ded·</span> 
     </span>
     <span class='ocr_line' id='line_1_13' title="bbox 142 1554 1173 1624; baseline -0.001 -16"><span class='ocrx_word' id='word_1_109' title='bbox 142 1558 308 1610; x_wconf 70' lang='lat' dir='ltr'>«terebamus</span> <span class='ocrx_word' id='word_1_110' title='bbox 324 1570 457 1608; x_wconf 63' lang='lat' dir='ltr'>nmmum</span> <span class='ocrx_word' id='word_1_111' title='bbox 474 1554 582 1611; x_wconf 82' lang='lat' dir='ltr'>dierum.</span> <span class='ocrx_word' id='word_1_112' title='bbox 618 1554 728 1609; x_wconf 85' lang='lat' dir='ltr'>Poetics</span> <span class='ocrx_word' id='word_1_113' title='bbox 745 1554 809 1607; x_wconf 85' lang='lat' dir='ltr'>tells</span> <span class='ocrx_word' id='word_1_114' title='bbox 825 1555 864 1607; x_wconf 88' lang='lat' dir='ltr'>sio</span> <span class='ocrx_word' id='word_1_115' title='bbox 881 1560 981 1609; x_wconf 84' lang='lat' dir='ltr'>tentum</span> <span class='ocrx_word' id='word_1_116' title='bbox 998 1565 1068 1624; x_wconf 85' lang='lat' dir='ltr'>snut,</span> <span class='ocrx_word' id='word_1_117' title='bbox 1086 1563 1109 1613; x_wconf 90' lang='lat' dir='ltr'>al</span> <span class='ocrx_word' id='word_1_118' title='bbox 1127 1578 1173 1615; x_wconf 70' lang='lat' dir='ltr'>ss.</span> 
     </span>
     <span class='ocr_line' id='line_1_14' title="bbox 154 1653 1172 1723; baseline 0.003 -13"><span class='ocrx_word' id='word_1_119' title='bbox 154 1672 200 1711; x_wconf 88' lang='lat' dir='ltr'>cer</span> <span class='ocrx_word' id='word_1_120' title='bbox 216 1664 258 1709; x_wconf 86' lang='lat' dir='ltr'>est</span> <span class='ocrx_word' id='word_1_121' title='bbox 281 1670 418 1721; x_wconf 82' lang='lat' dir='ltr'>uumerus,</span> <span class='ocrx_word' id='word_1_122' title='bbox 442 1655 468 1708; x_wconf 91' lang='lat' dir='ltr'>iu</span> <span class='ocrx_word' id='word_1_123' title='bbox 485 1671 538 1723; x_wconf 82' lang='lat' dir='ltr'>quo</span> <span class='ocrx_word' id='word_1_124' title='bbox 554 1657 588 1709; x_wconf 90' lang='lat' dir='ltr'>sit</span> <span class='ocrx_word' id='word_1_125' title='bbox 606 1655 699 1709; x_wconf 87' lang='lat' dir='ltr'>ominis</span> <span class='ocrx_word' id='word_1_126' title='bbox 716 1654 814 1721; x_wconf 81' lang='lat' dir='ltr'>aliquid</span> <span class='ocrx_word' id='word_1_127' title='bbox 831 1653 892 1707; x_wconf 89' lang='lat' dir='ltr'>boui</span> <span class='ocrx_word' id='word_1_128' title='bbox 910 1656 1017 1721; x_wconf 84' lang='lat' dir='ltr'>metire,</span> <span class='ocrx_word' id='word_1_129' title='bbox 1041 1657 1111 1723; x_wconf 88' lang='lat' dir='ltr'>quod</span> <span class='ocrx_word' id='word_1_130' title='bbox 1129 1658 1172 1713; x_wconf 86' lang='lat' dir='ltr'>blo</span> 
     </span>
     <span class='ocr_line' id='line_1_15' title="bbox 154 1756 1173 1825; baseline 0.004 -16"><span class='ocrx_word' id='word_1_131' title='bbox 154 1772 205 1809; x_wconf 91' lang='lat' dir='ltr'>uon</span> <span class='ocrx_word' id='word_1_132' title='bbox 227 1756 311 1810; x_wconf 77' lang='lat' dir='ltr'>video.</span> <span class='ocrx_word' id='word_1_133' title='bbox 344 1757 467 1810; x_wconf 74' lang='lat' dir='ltr'>Peccavit</span> <span class='ocrx_word' id='word_1_134' title='bbox 483 1758 564 1824; x_wconf 70' lang='lat' dir='ltr'>igitur</span> <span class='ocrx_word' id='word_1_135' title='bbox 587 1764 618 1811; x_wconf 88' lang='lat' dir='ltr'>ut</span> <span class='ocrx_word' id='word_1_136' title='bbox 641 1772 736 1825; x_wconf 87' lang='lat' dir='ltr'>supra,</span> <span class='ocrx_word' id='word_1_137' title='bbox 761 1771 821 1808; x_wconf 87' lang='lat' dir='ltr'>euru</span> <span class='ocrx_word' id='word_1_138' title='bbox 847 1770 939 1808; x_wconf 85' lang='lat' dir='ltr'>sunum</span> <span class='ocrx_word' id='word_1_139' title='bbox 964 1756 1039 1810; x_wconf 89' lang='lat' dir='ltr'>uobis</span> <span class='ocrx_word' id='word_1_140' title='bbox 1060 1759 1173 1816; x_wconf 63' lang='lat' dir='ltr'>nentem</span> 
     </span>
     <span class='ocr_line' id='line_1_16' title="bbox 154 1853 1174 1924; baseline 0.003 -16"><span class='ocrx_word' id='word_1_141' title='bbox 154 1855 287 1908; x_wconf 83' lang='lat' dir='ltr'>indiceret.</span> <span class='ocrx_word' id='word_1_142' title='bbox 324 1855 407 1911; x_wconf 78' lang='lat' dir='ltr'>Quam</span> <span class='ocrx_word' id='word_1_143' title='bbox 425 1870 487 1907; x_wconf 75' lang='lat' dir='ltr'>uero</span> <span class='ocrx_word' id='word_1_144' title='bbox 506 1856 618 1908; x_wconf 77' lang='lat' dir='ltr'>Vossius</span> <span class='ocrx_word' id='word_1_145' title='bbox 635 1853 677 1906; x_wconf 87' lang='lat' dir='ltr'>bio</span> <span class='ocrx_word' id='word_1_146' title='bbox 693 1853 832 1922; x_wconf 76' lang='lat' dir='ltr'>adscripsit</span> <span class='ocrx_word' id='word_1_147' title='bbox 848 1857 1054 1924; x_wconf 71' lang='lat' dir='ltr'>consutionem,</span> <span class='ocrx_word' id='word_1_148' title='bbox 1082 1873 1113 1911; x_wconf 86' lang='lat' dir='ltr'>ee</span> <span class='ocrx_word' id='word_1_149' title='bbox 1131 1860 1174 1912; x_wconf 86' lang='lat' dir='ltr'>in-</span> 
     </span>
     <span class='ocr_line' id='line_1_17' title="bbox 155 1953 1173 2027; baseline 0.006 -20"><span class='ocrx_word' id='word_1_150' title='bbox 155 1955 286 2023; x_wconf 84' lang='lat' dir='ltr'>eptissima</span> <span class='ocrx_word' id='word_1_151' title='bbox 303 1961 351 2010; x_wconf 88' lang='lat' dir='ltr'>est.</span> <span class='ocrx_word' id='word_1_152' title='bbox 386 1953 471 2007; x_wconf 72' lang='lat' dir='ltr'>Dicite</span> <span class='ocrx_word' id='word_1_153' title='bbox 489 1955 596 2007; x_wconf 87' lang='lat' dir='ltr'>Poterat</span> <span class='ocrx_word' id='word_1_154' title='bbox 614 1954 731 2008; x_wconf 81' lang='lat' dir='ltr'>medicus</span> <span class='ocrx_word' id='word_1_155' title='bbox 748 1955 920 2022; x_wconf 85' lang='lat' dir='ltr'>respondere:</span> <span class='ocrx_word' id='word_1_156' title='bbox 937 1956 1007 2009; x_wconf 90' lang='lat' dir='ltr'>bono</span> <span class='ocrx_word' id='word_1_157' title='bbox 1024 1958 1061 2010; x_wconf 82' lang='lat' dir='ltr'>ris</span> <span class='ocrx_word' id='word_1_158' title='bbox 1079 1961 1173 2027; x_wconf 86' lang='lat' dir='ltr'>auimo,</span> 
     </span>
     <span class='ocr_line' id='line_1_18' title="bbox 154 2054 1173 2125; baseline 0.005 -16"><span class='ocrx_word' id='word_1_159' title='bbox 154 2057 283 2111; x_wconf 84' lang='lat' dir='ltr'>decrescit</span> <span class='ocrx_word' id='word_1_160' title='bbox 300 2057 422 2125; x_wconf 86' lang='lat' dir='ltr'>paulatim</span> <span class='ocrx_word' id='word_1_161' title='bbox 441 2055 521 2108; x_wconf 84' lang='lat' dir='ltr'>lebris</span> <span class='ocrx_word' id='word_1_162' title='bbox 545 2061 573 2108; x_wconf 90' lang='lat' dir='ltr'>et</span> <span class='ocrx_word' id='word_1_163' title='bbox 590 2061 620 2106; x_wconf 90' lang='lat' dir='ltr'>tu</span> <span class='ocrx_word' id='word_1_164' title='bbox 642 2055 694 2107; x_wconf 85' lang='lat' dir='ltr'>ium</span> <span class='ocrx_word' id='word_1_165' title='bbox 712 2069 803 2107; x_wconf 78' lang='lat' dir='ltr'>versus</span> <span class='ocrx_word' id='word_1_166' title='bbox 821 2054 894 2109; x_wconf 87' lang='lat' dir='ltr'>lacis.</span> <span class='ocrx_word' id='word_1_167' title='bbox 929 2056 984 2111; x_wconf 84' lang='lat' dir='ltr'>Sed</span> <span class='ocrx_word' id='word_1_168' title='bbox 1002 2056 1052 2112; x_wconf 88' lang='lat' dir='ltr'>hoe</span> <span class='ocrx_word' id='word_1_169' title='bbox 1070 2066 1110 2112; x_wconf 87' lang='lat' dir='ltr'>est</span> <span class='ocrx_word' id='word_1_170' title='bbox 1128 2077 1173 2114; x_wconf 82' lang='lat' dir='ltr'>ee·</span> 
     </span>
     <span class='ocr_line' id='line_1_19' title="bbox 151 2151 1172 2226; baseline 0.004 -18"><span class='ocrx_word' id='word_1_171' title='bbox 151 2155 279 2208; x_wconf 81' lang='lat' dir='ltr'>tumuisti.</span> <span class='ocrx_word' id='word_1_172' title='bbox 316 2153 451 2207; x_wconf 85' lang='lat' dir='ltr'>Undeusm</span> <span class='ocrx_word' id='word_1_173' title='bbox 470 2159 499 2206; x_wconf 91' lang='lat' dir='ltr'>tu</span> <span class='ocrx_word' id='word_1_174' title='bbox 517 2154 585 2206; x_wconf 87' lang='lat' dir='ltr'>nosti</span> <span class='ocrx_word' id='word_1_175' title='bbox 605 2152 764 2204; x_wconf 83' lang='lat' dir='ltr'>imminutum</span> <span class='ocrx_word' id='word_1_176' title='bbox 783 2151 891 2219; x_wconf 80' lang='lat' dir='ltr'>febrim,</span> <span class='ocrx_word' id='word_1_177' title='bbox 918 2160 948 2206; x_wconf 89' lang='lat' dir='ltr'>ut</span> <span class='ocrx_word' id='word_1_178' title='bbox 966 2156 1050 2210; x_wconf 82' lang='lat' dir='ltr'>rideas</span> <span class='ocrx_word' id='word_1_179' title='bbox 1069 2166 1172 2226; x_wconf 85' lang='lat' dir='ltr'>poeteru</span> 
     </span>
     <span class='ocr_line' id='line_1_20' title="bbox 152 2251 1173 2324; baseline 0.006 -18"><span class='ocrx_word' id='word_1_180' title='bbox 152 2258 263 2306; x_wconf 88' lang='lat' dir='ltr'>mortem</span> <span class='ocrx_word' id='word_1_181' title='bbox 281 2254 435 2306; x_wconf 70' lang='lat' dir='ltr'>timentem?</span> <span class='ocrx_word' id='word_1_182' title='bbox 470 2252 508 2306; x_wconf 82' lang='lat' dir='ltr'>Et</span> <span class='ocrx_word' id='word_1_183' title='bbox 534 2269 594 2307; x_wconf 88' lang='lat' dir='ltr'>cunr</span> <span class='ocrx_word' id='word_1_184' title='bbox 620 2251 742 2305; x_wconf 82' lang='lat' dir='ltr'>Tibullus</span> <span class='ocrx_word' id='word_1_185' title='bbox 768 2253 794 2305; x_wconf 91' lang='lat' dir='ltr'>iu</span> <span class='ocrx_word' id='word_1_186' title='bbox 821 2254 897 2305; x_wconf 82' lang='lat' dir='ltr'>simili</span> <span class='ocrx_word' id='word_1_187' title='bbox 926 2258 1041 2324; x_wconf 86' lang='lat' dir='ltr'>periculo</span> <span class='ocrx_word' id='word_1_188' title='bbox 1068 2273 1173 2312; x_wconf 81' lang='lat' dir='ltr'>versans</span> 
     </span>
     <span class='ocr_line' id='line_1_21' title="bbox 156 2347 1176 2423; baseline 0.01 -22"><span class='ocrx_word' id='word_1_189' title='bbox 156 2350 235 2402; x_wconf 80' lang='lat' dir='ltr'>iaciat</span> <span class='ocrx_word' id='word_1_190' title='bbox 253 2357 281 2401; x_wconf 88' lang='lat' dir='ltr'>et</span> <span class='ocrx_word' id='word_1_191' title='bbox 302 2356 388 2403; x_wconf 83' lang='lat' dir='ltr'>temen</span> <span class='ocrx_word' id='word_1_192' title='bbox 412 2355 522 2402; x_wconf 86' lang='lat' dir='ltr'>mortem</span> <span class='ocrx_word' id='word_1_193' title='bbox 539 2350 643 2416; x_wconf 74' lang='lat' dir='ltr'>timent,</span> <span class='ocrx_word' id='word_1_194' title='bbox 672 2347 739 2403; x_wconf 86' lang='lat' dir='ltr'>bunc</span> <span class='ocrx_word' id='word_1_195' title='bbox 764 2366 815 2403; x_wconf 92' lang='lat' dir='ltr'>uon</span> <span class='ocrx_word' id='word_1_196' title='bbox 841 2352 988 2422; x_wconf 86' lang='lat' dir='ltr'>vituperas,</span> <span class='ocrx_word' id='word_1_197' title='bbox 1012 2354 1176 2423; x_wconf 75' lang='lat' dir='ltr'>Lygdamum</span> 
     </span>
     <span class='ocr_line' id='line_1_22' title="bbox 158 2446 1177 2515; baseline 0.006 -16"><span class='ocrx_word' id='word_1_198' title='bbox 158 2455 245 2499; x_wconf 81' lang='lat' dir='ltr'>erstem</span> <span class='ocrx_word' id='word_1_199' title='bbox 274 2454 411 2514; x_wconf 72' lang='lat' dir='ltr'>propterea</span> <span class='ocrx_word' id='word_1_200' title='bbox 440 2446 549 2514; x_wconf 83' lang='lat' dir='ltr'>ineptire</span> <span class='ocrx_word' id='word_1_201' title='bbox 576 2446 630 2499; x_wconf 81' lang='lat' dir='ltr'>nist</span> <span class='ocrx_word' id='word_1_202' title='bbox 649 2473 684 2489; x_wconf 91' lang='lat'>·-</span> <span class='ocrx_word' id='word_1_203' title='bbox 720 2446 753 2499; x_wconf 77' lang='lat' dir='ltr'>V.</span> <span class='ocrx_word' id='word_1_204' title='bbox 774 2449 811 2498; x_wconf 70' lang='lat'>29</span> <span class='ocrx_word' id='word_1_205' title='bbox 828 2464 885 2515; x_wconf 85' lang='lat' dir='ltr'>sqq.</span> <span class='ocrx_word' id='word_1_206' title='bbox 921 2449 1060 2505; x_wconf 79' lang='lat' dir='ltr'>Tuscae</span> <span class='ocrx_word' id='word_1_207' title='bbox 1087 2457 1177 2507; x_wconf 86' lang='lat' dir='ltr'>cels·</span> 
     </span>
     <span class='ocr_line' id='line_1_23' title="bbox 158 2543 1175 2617; baseline 0.009 -17"><span class='ocrx_word' id='word_1_208' title='bbox 158 2548 306 2601; x_wconf 87' lang='lat' dir='ltr'>breutur</span> <span class='ocrx_word' id='word_1_209' title='bbox 331 2547 467 2599; x_wconf 86' lang='lat' dir='ltr'>uumluu</span> <span class='ocrx_word' id='word_1_210' title='bbox 492 2543 659 2615; x_wconf 78' lang='lat' dir='ltr'>lymphae.</span> <span class='ocrx_word' id='word_1_211' title='bbox 696 2547 763 2600; x_wconf 71' lang='lat' dir='ltr'>(lum</span> <span class='ocrx_word' id='word_1_212' title='bbox 780 2548 919 2600; x_wconf 83' lang='lat' dir='ltr'>sulubriter</span> <span class='ocrx_word' id='word_1_213' title='bbox 937 2565 1061 2617; x_wconf 72' lang='lat' dir='ltr'>equarum</span> <span class='ocrx_word' id='word_1_214' title='bbox 1087 2571 1103 2605; x_wconf 85' lang='lat' dir='ltr'>e</span> <span class='ocrx_word' id='word_1_215' title='bbox 1126 2572 1175 2609; x_wconf 87' lang='lat' dir='ltr'>nu-</span> 
     </span>
     <span class='ocr_line' id='line_1_24' title="bbox 158 2643 1177 2715; baseline 0.006 -16"><span class='ocrx_word' id='word_1_216' title='bbox 158 2647 228 2699; x_wconf 83' lang='lat' dir='ltr'>mine</span> <span class='ocrx_word' id='word_1_217' title='bbox 249 2650 411 2713; x_wconf 88' lang='lat' dir='ltr'>repeteretur</span> <span class='ocrx_word' id='word_1_218' title='bbox 429 2644 498 2712; x_wconf 87' lang='lat' dir='ltr'>qnod</span> <span class='ocrx_word' id='word_1_219' title='bbox 520 2643 634 2711; x_wconf 88' lang='lat' dir='ltr'>inesset,</span> <span class='ocrx_word' id='word_1_220' title='bbox 658 2644 769 2696; x_wconf 81' lang='lat' dir='ltr'>numina</span> <span class='ocrx_word' id='word_1_221' title='bbox 782 2644 907 2715; x_wconf 75' lang='lat' dir='ltr'>lymphas</span> <span class='ocrx_word' id='word_1_222' title='bbox 926 2662 974 2714; x_wconf 88' lang='lat' dir='ltr'>pro</span> <span class='ocrx_word' id='word_1_223' title='bbox 992 2649 1089 2702; x_wconf 84' lang='lat' dir='ltr'>viribus</span> <span class='ocrx_word' id='word_1_224' title='bbox 1105 2655 1177 2706; x_wconf 84' lang='lat' dir='ltr'>salu-</span> 
     </span>
     <span class='ocr_line' id='line_1_25' title="bbox 159 2742 1179 2812; baseline 0.007 -18"><span class='ocrx_word' id='word_1_225' title='bbox 159 2743 248 2797; x_wconf 86' lang='lat' dir='ltr'>bribus</span> <span class='ocrx_word' id='word_1_226' title='bbox 271 2746 327 2798; x_wconf 89' lang='lat' dir='ltr'>eins</span> <span class='ocrx_word' id='word_1_227' title='bbox 351 2743 421 2796; x_wconf 86' lang='lat' dir='ltr'>dicte</span> <span class='ocrx_word' id='word_1_228' title='bbox 447 2743 526 2795; x_wconf 82' lang='lat' dir='ltr'>vides.</span> <span class='ocrx_word' id='word_1_229' title='bbox 544 2769 580 2781; x_wconf 91' lang='lat'>-</span> <span class='ocrx_word' id='word_1_230' title='bbox 610 2748 645 2795; x_wconf 90' lang='lat' dir='ltr'>et</span> <span class='ocrx_word' id='word_1_231' title='bbox 670 2743 822 2812; x_wconf 81' lang='lat' dir='ltr'>pellitur</span> <span class='ocrx_word' id='word_1_232' title='bbox 843 2742 931 2797; x_wconf 80' lang='lat' dir='ltr'>uude</span> <span class='ocrx_word' id='word_1_233' title='bbox 955 2759 1059 2798; x_wconf 83' lang='lat' dir='ltr'>manu.</span> <span class='ocrx_word' id='word_1_234' title='bbox 1095 2745 1179 2802; x_wconf 85' lang='lat' dir='ltr'>Erant</span> 
     </span>
     <span class='ocr_line' id='line_1_26' title="bbox 160 2843 1179 2912; baseline 0 -13"><span class='ocrx_word' id='word_1_235' title='bbox 160 2846 228 2899; x_wconf 91' lang='lat' dir='ltr'>enim</span> <span class='ocrx_word' id='word_1_236' title='bbox 249 2846 395 2898; x_wconf 84' lang='lat' dir='ltr'>nutationes</span> <span class='ocrx_word' id='word_1_237' title='bbox 413 2846 439 2896; x_wconf 89' lang='lat' dir='ltr'>lo</span> <span class='ocrx_word' id='word_1_238' title='bbox 464 2843 577 2908; x_wconf 77' lang='lat' dir='ltr'>balneis,</span> <span class='ocrx_word' id='word_1_239' title='bbox 602 2844 716 2912; x_wconf 88' lang='lat' dir='ltr'>piscinae</span> <span class='ocrx_word' id='word_1_240' title='bbox 734 2843 838 2911; x_wconf 86' lang='lat' dir='ltr'>dictae,</span> <span class='ocrx_word' id='word_1_241' title='bbox 864 2844 898 2896; x_wconf 83' lang='lat' dir='ltr'>ud</span> <span class='ocrx_word' id='word_1_242' title='bbox 922 2844 1132 2899; x_wconf 85' lang='lat' dir='ltr'>exercitationem</span> <span class='ocrx_word' id='word_1_243' title='bbox 1151 2854 1179 2899; x_wconf 88' lang='lat' dir='ltr'>et</span> 
     </span>
     <span class='ocr_line' id='line_1_27' title="bbox 159 2944 1180 3014; baseline 0 -15"><span class='ocrx_word' id='word_1_244' title='bbox 159 2946 192 2999; x_wconf 83' lang='lat' dir='ltr'>ed</span> <span class='ocrx_word' id='word_1_245' title='bbox 217 2948 321 3000; x_wconf 90' lang='lat' dir='ltr'>morbos</span> <span class='ocrx_word' id='word_1_246' title='bbox 343 2945 479 3000; x_wconf 88' lang='lat' dir='ltr'>sanandos.</span> <span class='ocrx_word' id='word_1_247' title='bbox 515 2946 599 3012; x_wconf 82' lang='lat' dir='ltr'>Vide,</span> <span class='ocrx_word' id='word_1_248' title='bbox 625 2960 702 3014; x_wconf 82' lang='lat' dir='ltr'>quem</span> <span class='ocrx_word' id='word_1_249' title='bbox 726 2945 858 2998; x_wconf 75' lang='lat' dir='ltr'>Hermus</span> <span class='ocrx_word' id='word_1_250' title='bbox 882 2944 985 3011; x_wconf 78' lang='lat' dir='ltr'>laudat,</span> <span class='ocrx_word' id='word_1_251' title='bbox 1009 2945 1119 2997; x_wconf 74' lang='lat' dir='ltr'>Brcrurr</span> <span class='ocrx_word' id='word_1_252' title='bbox 1145 2944 1180 2999; x_wconf 88' lang='lat' dir='ltr'>de</span> 
     </span>
     <span class='ocr_line' id='line_1_28' title="bbox 111 3038 1181 3114; baseline 0.003 -18"><span class='ocrx_word' id='word_1_253' title='bbox 111 3109 114 3113; x_wconf 10' lang='grc' dir='ltr'><strong>Ἰ</strong></span> <span class='ocrx_word' id='word_1_254' title='bbox 159 3038 280 3097; x_wconf 81' lang='lat' dir='ltr'>Thermis</span> <span class='ocrx_word' id='word_1_255' title='bbox 297 3045 354 3099; x_wconf 80' lang='lat' dir='ltr'>libr.</span> <span class='ocrx_word' id='word_1_256' title='bbox 368 3045 427 3099; x_wconf 87' lang='lat' dir='ltr'>vll.</span> <span class='ocrx_word' id='word_1_257' title='bbox 446 3061 469 3099; x_wconf 86' lang='lat' dir='ltr'>e.</span> <span class='ocrx_word' id='word_1_258' title='bbox 487 3049 513 3098; x_wconf 79' lang='grc' dir='ltr'>θ.</span> <span class='ocrx_word' id='word_1_259' title='bbox 530 3050 558 3097; x_wconf 89' lang='lat' dir='ltr'>et</span> <span class='ocrx_word' id='word_1_260' title='bbox 576 3048 619 3097; x_wconf 78' lang='lat'>24.</span> <span class='ocrx_word' id='word_1_261' title='bbox 656 3044 751 3097; x_wconf 74' lang='lat' dir='ltr'>Souris</span> <span class='ocrx_word' id='word_1_262' title='bbox 769 3060 832 3098; x_wconf 84' lang='lat' dir='ltr'>vero</span> <span class='ocrx_word' id='word_1_263' title='bbox 852 3045 944 3099; x_wconf 84' lang='lat' dir='ltr'>oretio.</span> <span class='ocrx_word' id='word_1_264' title='bbox 980 3042 1084 3096; x_wconf 82' lang='lat' dir='ltr'>Pellere</span> <span class='ocrx_word' id='word_1_265' title='bbox 1101 3061 1181 3114; x_wconf 85' lang='lat' dir='ltr'>supra</span> 
     </span>
     <span class='ocr_line' id='line_1_29' title="bbox 159 3142 1180 3211; baseline 0.006 -17"><span class='ocrx_word' id='word_1_266' title='bbox 159 3142 269 3197; x_wconf 77' lang='lat' dir='ltr'>vidimus</span> <span class='ocrx_word' id='word_1_267' title='bbox 297 3143 330 3198; x_wconf 88' lang='lat' dir='ltr'>de</span> <span class='ocrx_word' id='word_1_268' title='bbox 357 3151 462 3198; x_wconf 68' lang='lat' dir='ltr'>nebule</span> <span class='ocrx_word' id='word_1_269' title='bbox 487 3143 616 3210; x_wconf 77' lang='lat' dir='ltr'>1‚4,1u.</span> <span class='ocrx_word' id='word_1_270' title='bbox 658 3145 793 3198; x_wconf 80' lang='lat' dir='ltr'>Fecilis</span> <span class='ocrx_word' id='word_1_271' title='bbox 821 3146 925 3211; x_wconf 86' lang='lat' dir='ltr'>unde,</span> <span class='ocrx_word' id='word_1_272' title='bbox 953 3144 1050 3199; x_wconf 86' lang='lat' dir='ltr'>cedens</span> <span class='ocrx_word' id='word_1_273' title='bbox 1072 3149 1180 3201; x_wconf 87' lang='lat' dir='ltr'>uetentl.</span> 
     </span>
     <span class='ocr_line' id='line_1_30' title="bbox 158 3240 1181 3314; baseline 0.003 -20"><span class='ocrx_word' id='word_1_274' title='bbox 158 3240 233 3296; x_wconf 87' lang='lat' dir='ltr'>Bene</span> <span class='ocrx_word' id='word_1_275' title='bbox 252 3244 353 3297; x_wconf 86' lang='lat' dir='ltr'>conlert</span> <span class='ocrx_word' id='word_1_276' title='bbox 369 3245 501 3297; x_wconf 81' lang='lat' dir='ltr'>Hurnrus</span> <span class='ocrx_word' id='word_1_277' title='bbox 518 3245 641 3310; x_wconf 85' lang='lat' dir='ltr'>Propert.</span> <span class='ocrx_word' id='word_1_278' title='bbox 653 3242 675 3308; x_wconf 87' lang='lat' dir='ltr'>l,</span> <span class='ocrx_word' id='word_1_279' title='bbox 689 3246 734 3306; x_wconf 86' lang='lat' dir='ltr'>lt,</span> <span class='ocrx_word' id='word_1_280' title='bbox 753 3246 802 3294; x_wconf 70' lang='grc' dir='ltr'>ηε</span> <span class='ocrx_word' id='word_1_281' title='bbox 823 3241 958 3295; x_wconf 77' lang='lat' dir='ltr'>Alternus</span> <span class='ocrx_word' id='word_1_282' title='bbox 970 3241 1071 3314; x_wconf 77' lang='lat' dir='ltr'>facilia</span> <span class='ocrx_word' id='word_1_283' title='bbox 1090 3244 1181 3297; x_wconf 77' lang='lat' dir='ltr'>eodm</span> 
     </span>
     <span class='ocr_line' id='line_1_31' title="bbox 157 3340 1181 3411; baseline 0.006 -18"><span class='ocrx_word' id='word_1_284' title='bbox 157 3340 270 3411; x_wconf 72' lang='lat' dir='ltr'>lympha</span> <span class='ocrx_word' id='word_1_285' title='bbox 297 3359 388 3396; x_wconf 85' lang='lat' dir='ltr'>monn.</span> <span class='ocrx_word' id='word_1_286' title='bbox 434 3343 552 3408; x_wconf 86' lang='lat' dir='ltr'>Denique</span> <span class='ocrx_word' id='word_1_287' title='bbox 581 3342 677 3394; x_wconf 85' lang='lat' dir='ltr'>lente</span> <span class='ocrx_word' id='word_1_288' title='bbox 706 3347 747 3393; x_wconf 91' lang='lat' dir='ltr'>est</span> <span class='ocrx_word' id='word_1_289' title='bbox 774 3340 911 3406; x_wconf 83' lang='lat' dir='ltr'>flexibilis,</span> <span class='ocrx_word' id='word_1_290' title='bbox 943 3343 1064 3408; x_wconf 86' lang='lat' dir='ltr'>mobilis,</span> <span class='ocrx_word' id='word_1_291' title='bbox 1097 3345 1181 3399; x_wconf 81' lang='lat' dir='ltr'>Ovrn.</span> 
     </span>
     <span class='ocr_line' id='line_1_32' title="bbox 157 3438 1183 3515; baseline -0.009 -19"><span class='ocrx_word' id='word_1_292' title='bbox 157 3441 267 3497; x_wconf 77' lang='lat' dir='ltr'>Heroid.</span> <span class='ocrx_word' id='word_1_293' title='bbox 286 3442 360 3507; x_wconf 83' lang='lat' dir='ltr'>XIX,</span> <span class='ocrx_word' id='word_1_294' title='bbox 377 3447 427 3496; x_wconf 70' lang='lat'>482</span> <span class='ocrx_word' id='word_1_295' title='bbox 458 3447 597 3510; x_wconf 77' lang='lat' dir='ltr'>Lenrcqne</span> <span class='ocrx_word' id='word_1_296' title='bbox 615 3438 723 3490; x_wconf 79' lang='lat' dir='ltr'>dimotis</span> <span class='ocrx_word' id='word_1_297' title='bbox 742 3438 855 3490; x_wconf 76' lang='lat' dir='ltr'>brachia</span> <span class='ocrx_word' id='word_1_298' title='bbox 872 3441 962 3494; x_wconf 81' lang='lat' dir='ltr'>iactet</span> <span class='ocrx_word' id='word_1_299' title='bbox 984 3443 1080 3515; x_wconf 78' lang='lat' dir='ltr'>aquis,</span> <span class='ocrx_word' id='word_1_300' title='bbox 1110 3462 1183 3499; x_wconf 73' lang='lat' dir='ltr'>com.</span> 
     </span>
     <span class='ocr_line' id='line_1_33' title="bbox 159 3539 1184 3612; baseline 0.003 -19"><span class='ocrx_word' id='word_1_301' title='bbox 159 3552 266 3608; x_wconf 88' lang='lat' dir='ltr'>parante</span> <span class='ocrx_word' id='word_1_302' title='bbox 295 3544 421 3598; x_wconf 77' lang='lat' dir='ltr'>Hermio.</span> <span class='ocrx_word' id='word_1_303' title='bbox 471 3541 595 3596; x_wconf 82' lang='lat' dir='ltr'>Suaviter</span> <span class='ocrx_word' id='word_1_304' title='bbox 623 3539 705 3606; x_wconf 74' lang='lat' dir='ltr'>igitur</span> <span class='ocrx_word' id='word_1_305' title='bbox 734 3555 876 3609; x_wconf 77' lang='lat' dir='ltr'>expressus</span> <span class='ocrx_word' id='word_1_306' title='bbox 905 3552 946 3598; x_wconf 87' lang='lat' dir='ltr'>cst</span> <span class='ocrx_word' id='word_1_307' title='bbox 973 3550 1063 3612; x_wconf 68' lang='lat' dir='ltr'>gestus</span> <span class='ocrx_word' id='word_1_308' title='bbox 1090 3553 1184 3598; x_wconf 87' lang='lat' dir='ltr'>uetan-</span> 
     </span>
     <span class='ocr_line' id='line_1_34' title="bbox 161 3628 1183 3709; baseline 0.004 -19"><span class='ocrx_word' id='word_1_309' title='bbox 161 3639 232 3692; x_wconf 87' lang='lat' dir='ltr'>tium.</span> <span class='ocrx_word' id='word_1_310' title='bbox 251 3668 287 3680; x_wconf 92' lang='lat'>-·</span> <span class='ocrx_word' id='word_1_311' title='bbox 314 3628 474 3698; x_wconf 65' lang='lat' dir='ltr'>noe&#39;tsta</span> <span class='ocrx_word' id='word_1_312' title='bbox 498 3643 608 3695; x_wconf 80' lang='lat' dir='ltr'>luisse</span> <span class='ocrx_word' id='word_1_313' title='bbox 631 3640 757 3707; x_wconf 83' lang='lat' dir='ltr'>velint,</span> <span class='ocrx_word' id='word_1_314' title='bbox 788 3656 836 3709; x_wconf 85' lang='lat' dir='ltr'>per</span> <span class='ocrx_word' id='word_1_315' title='bbox 862 3650 953 3696; x_wconf 88' lang='lat' dir='ltr'>notum</span> <span class='ocrx_word' id='word_1_316' title='bbox 979 3642 1183 3709; x_wconf 84' lang='lat' dir='ltr'>euphemismum</span> 
     </span>
     <span class='ocr_line' id='line_1_35' title="bbox 161 3736 1185 3805; baseline 0.003 -13"><span class='ocrx_word' id='word_1_317' title='bbox 161 3736 274 3802; x_wconf 75' lang='lat' dir='ltr'>dictum,</span> <span class='ocrx_word' id='word_1_318' title='bbox 295 3740 328 3792; x_wconf 84' lang='lat' dir='ltr'>ol.</span> <span class='ocrx_word' id='word_1_319' title='bbox 348 3744 448 3801; x_wconf 70' lang='lat' dir='ltr'>Eurus.</span> <span class='ocrx_word' id='word_1_320' title='bbox 468 3745 500 3798; x_wconf 87' lang='lat' dir='ltr'>ad</span> <span class='ocrx_word' id='word_1_321' title='bbox 523 3742 599 3797; x_wconf 78' lang='lat' dir='ltr'>ond.</span> <span class='ocrx_word' id='word_1_322' title='bbox 619 3741 729 3796; x_wconf 84' lang='lat' dir='ltr'>Heroid.</span> <span class='ocrx_word' id='word_1_323' title='bbox 747 3742 834 3805; x_wconf 79' lang='lat' dir='ltr'>xvir,</span> <span class='ocrx_word' id='word_1_324' title='bbox 855 3745 915 3794; x_wconf 75' lang='lat'>192.</span> <span class='ocrx_word' id='word_1_325' title='bbox 935 3740 1059 3795; x_wconf 77' lang='lat' dir='ltr'>laudante</span> <span class='ocrx_word' id='word_1_326' title='bbox 1076 3744 1185 3797; x_wconf 80' lang='lat' dir='ltr'>Vunrro</span> 
     </span>
    </p>
   </div>
   <div class='ocr_carea' id='block_1_3' title="bbox 160 3835 1198 4117">
    <p class='ocr_par' dir='ltr' id='par_1_3' title="bbox 160 3835 1198 4117">
     <span class='ocr_line' id='line_1_36' title="bbox 161 3835 1189 3913; baseline 0.006 -27"><span class='ocrx_word' id='word_1_327' title='bbox 161 3840 189 3886; x_wconf 90' lang='lat' dir='ltr'>et</span> <span class='ocrx_word' id='word_1_328' title='bbox 206 3835 331 3889; x_wconf 77' lang='lat' dir='ltr'>Hermo.</span> <span class='ocrx_word' id='word_1_329' title='bbox 344 3866 381 3879; x_wconf 91' lang='lat'>·-</span> <span class='ocrx_word' id='word_1_330' title='bbox 405 3842 440 3893; x_wconf 83' lang='lat' dir='ltr'>V.</span> <span class='ocrx_word' id='word_1_331' title='bbox 454 3848 501 3898; x_wconf 75' lang='grc'>33.</span> <span class='ocrx_word' id='word_1_332' title='bbox 516 3846 559 3895; x_wconf 79' lang='grc'>34.</span> <span class='ocrx_word' id='word_1_333' title='bbox 579 3843 698 3909; x_wconf 73' lang='lat' dir='ltr'>nigros</span> <span class='ocrx_word' id='word_1_334' title='bbox 716 3839 868 3913; x_wconf 82' lang='lat' dir='ltr'>pecudes</span> <span class='ocrx_word' id='word_1_335' title='bbox 886 3836 1091 3907; x_wconf 72' lang='lat' dir='ltr'>promittite</span> <span class='ocrx_word' id='word_1_336' title='bbox 1108 3840 1189 3892; x_wconf 82' lang='lat' dir='ltr'>Diti.</span> 
     </span>
     <span class='ocr_line' id='line_1_37' title="bbox 160 3935 1193 4013; baseline 0 -25"><span class='ocrx_word' id='word_1_337' title='bbox 160 3935 256 3995; x_wconf 79' lang='lat' dir='ltr'>luseris</span> <span class='ocrx_word' id='word_1_338' title='bbox 273 3936 324 3988; x_wconf 88' lang='lat' dir='ltr'>diis</span> <span class='ocrx_word' id='word_1_339' title='bbox 344 3941 444 3995; x_wconf 84' lang='lat' dir='ltr'>animes</span> <span class='ocrx_word' id='word_1_340' title='bbox 461 3946 589 4011; x_wconf 86' lang='lat' dir='ltr'>pecodum</span> <span class='ocrx_word' id='word_1_341' title='bbox 610 3960 657 4013; x_wconf 89' lang='lat' dir='ltr'>pro</span> <span class='ocrx_word' id='word_1_342' title='bbox 675 3943 809 4007; x_wconf 80' lang='lat' dir='ltr'>bominum</span> <span class='ocrx_word' id='word_1_343' title='bbox 832 3941 885 3993; x_wconf 83' lang='lat' dir='ltr'>vitu</span> <span class='ocrx_word' id='word_1_344' title='bbox 910 3943 939 3989; x_wconf 83' lang='lat' dir='ltr'>et</span> <span class='ocrx_word' id='word_1_345' title='bbox 964 3935 1102 3992; x_wconf 81' lang='lat' dir='ltr'>animabus</span> <span class='ocrx_word' id='word_1_346' title='bbox 1119 3939 1193 3992; x_wconf 86' lang='lat' dir='ltr'>obla·</span> 
     </span>
     <span class='ocr_line' id='line_1_38' title="bbox 161 4034 1198 4117; baseline 0.001 -31"><span class='ocrx_word' id='word_1_347' title='bbox 161 4040 203 4086; x_wconf 83' lang='lat' dir='ltr'>tes</span> <span class='ocrx_word' id='word_1_348' title='bbox 223 4038 343 4100; x_wconf 67' lang='lat' dir='ltr'>eoustetr</span> <span class='ocrx_word' id='word_1_349' title='bbox 369 4039 449 4093; x_wconf 81' lang='lat' dir='ltr'>telem</span> <span class='ocrx_word' id='word_1_350' title='bbox 470 4041 635 4098; x_wconf 75' lang='lat' dir='ltr'>substitutam</span> <span class='ocrx_word' id='word_1_351' title='bbox 659 4049 775 4117; x_wconf 62' lang='lat' dir='ltr'>animm</span> <span class='ocrx_word' id='word_1_352' title='bbox 794 4041 918 4103; x_wconf 71' lang='lat' dir='ltr'>dicebant</span> <span class='ocrx_word' id='word_1_353' title='bbox 937 4034 1092 4092; x_wconf 82' lang='lat' dir='ltr'>meliorem.</span> <span class='ocrx_word' id='word_1_354' title='bbox 1126 4036 1198 4089; x_wconf 77' lang='lat' dir='ltr'>euni.</span> 
     </span>
    </p>
   </div>
   <div class='ocr_carea' id='block_1_4' title="bbox 879 4142 923 4203">
    <p class='ocr_par' dir='ltr' id='par_1_4' title="bbox 879 4142 923 4203">
     <span class='ocr_line' id='line_1_39' title="bbox 879 4142 923 4203; baseline -0.114 0"><span class='ocrx_word' id='word_1_355' title='bbox 879 4142 923 4203; x_wconf 61' lang='lat'>22</span> 
     </span>
    </p>
   </div>
   <div class='ocr_carea' id='block_1_5' title="bbox 0 0 1529 4725">
    <p class='ocr_par' dir='ltr' id='par_1_5' title="bbox 0 0 1529 4725">
     <span class='ocr_line' id='line_1_40' title="bbox 0 0 1529 4725; baseline 0 0"><span class='ocrx_word' id='word_1_356' title='bbox 0 0 1529 4725; x_wconf 95' lang='lat' dir='ltr'> </span> 
     </span>
    </p>
   </div>
  </div>
 </body>
</html>
