3009 4725
465 285 575 351 luem
596 286 653 351 IV.
695 287 824 351 CARM.
845 289 871 354 1.
1124 293 1187 353 425

170 462 366 528 versificatoris,
394 463 438 530 qui
457 459 562 516 medum
584 461 739 518 adutationis
762 479 814 518 neu
832 463 904 518 norit
922 469 949 518 et
967 464 1071 518 insolitu
1088 469 1184 533 captat,

170 567 256 632 qualia
280 565 381 618 meliori
404 572 498 633 poetae
522 565 564 618 hie
586 582 638 619 nou
663 568 793 621 venisseut
812 569 838 620 iu
856 573 977 621 mentem.
995 593 1031 607 -
1056 573 1188 620 matura

171 668 245 720 dies
270 675 311 721 est
333 668 389 720 dies
415 668 499 719 fetatis
519 675 690 735 praematura.
727 670 889 723 Husurrrws
914 685 930 723 e
952 671 1051 738 vuigari
1076 671 1187 722 tectione

171 768 294 821 librorum
307 767 389 837 fate,
414 783 481 834 quae
498 765 559 819 ferri
577 769 680 835 nequit,
710 769 830 822 emendet
845 767 924 839 sati,
952 777 982 821 ut
1000 775 1040 822 est
1058 768 1113 819 dies
1126 768 1192 838 sati

170 867 253 918 Ovm.
277 866 386 919 Heroid.
412 865 433 932 1,
459 868 520 919 nt.
563 866 617 918 Sed
644 881 726 919 nexus
755 873 900 920 ceterorum
929 867 1030 935 plenam
1057 867 1187 920 notionem

171 967 257 1020 offert.
304 966 405 1030 (Recte
430 964 586 1017 Germanice
612 964 684 1018 dicas
707 981 732 1019 v.
757 982 782 1019 c.
808 966 852 1016 Sei
878 983 906 1017 es
934 964 999 1034 desa
1023 966 1081 1015 eine
1102 964 1190 1035 frutis

170 1061 275 1124 Stuude
299 1061 432 1113 schnellen
459 1060 517 1114 Tod
540 1060 732 1133 herbeijie'lert.)
768 1062 826 1115 Nec
850 1064 970 1132 displicet
991 1064 1111 1117 sintiiittm
1130 1079 1190 1116 ver-

171 1163 264 1217 borum
283 1164 421 1217 cumulatio
440 1161 580 1229 (mature,
598 1163 720 1219 celerem,
736 1163 899 1230 properat)'‚
927 1179 986 1216 nem
1005 1175 1032 1216 et
1050 1168 1191 1232 opponitur

173 1265 276 1330 ionga
301 1265 371 1317 vita
396 1271 483 1315 utres
501 1279 594 1330 perse
613 1264 695 1315 tristis
714 1269 763 1316 est.
799 1264 922 1316 Getarum
942 1263 976 1317 ct.
994 1264 1138 1317 Prurssr.
1156 1264 1192 1329 11,

174 1364 219 1425 28,
237 1365 288 1411 25:
307 1358 409 1426 Quodsi
421 1357 500 1427 forte
519 1356 569 1407 eibi
583 1357 756 1425 properarint
769 1359 839 1427 suta
859 1363 980 1431 quietem.
993 1390 1030 1402 -
1047 1363 1192 1430 rigidos.

174 1456 302 1509 Videntur
321 1472 378 1508 esse
396 1456 500 1508 omniuo
520 1454 592 1520 duri,
618 1463 649 1506 ut
666 1455 799 1507 Hermus
817 1459 937 1522 votebst3
964 1475 1023 1511 eum
1041 1463 1109 1514 euim
1127 1477 1195 1530 poe-

174 1559 218 1608 tae
241 1556 267 1608 iu
292 1555 386 1608 tatibus
404 1554 582 1622 oppositiones
600 1553 774 1621 epithetomm
794 1560 896 1618 ament,
922 1555 1082 1623 videtur‘trie
1100 1559 1192 1615 durum

176 1659 261 1706 terrae
280 1655 380 1719 sotum,
406 1653 451 1705 ubi
476 1652 623 1719 quadrupes
650 1651 761 1714 incedit,
787 1652 883 1718 opponi
906 1649 1009 1721 liquide
1027 1657 1080 1705 aeri
1104 1658 1194 1708 avibus

176 1753 245 1807 datu.
281 1754 327 1807 Sic
352 1753 402 1807 hoe
426 1756 484 1822 ipso
509 1755 566 1805 ioco
593 1752 684 1805 turdi
711 1753 848 1819 peeoris
873 1758 944 1803 recte
969 1752 1107 1819 seriptum,
1136 1769 1194 1807 cum

176 1859 236 1907 aute
253 1853 287 1907 de
303 1870 371 1921 equo
388 1861 507 1907 currente
526 1854 622 1906 dictum
639 1855 682 1918 sit,
699 1852 770 1920 quud
788 1867 838 1903 uon
857 1850 1063 1904 animadvertens
1077 1853 1193 1905 Veasrus

177 1953 249 2004 torvi
266 1954 406 2007 substituit.
442 1955 529 2021 Saepe
554 1953 605 2005 vidi
631 1954 700 2005 viros
725 1951 817 2004 duetus
843 1965 893 2001 nun
919 1951 983 2001 satis
1007 1950 1142 2003 attendere
1160 1953 1193 2003 ad

177 2050 223 2104 ires
240 2054 417 2121 oppositiones
435 2050 626 2120 epithetorum,
643 2063 723 2116 quere
740 2064 790 2100 uus
808 2047 904 2113 ubique
921 2048 947 2099 in
967 2046 1006 2099 tus
1026 2049 1194 2101 Cemmenus-

175 2153 221 2205 riis
238 2154 271 2206 de
289 2168 319 2205 ea
336 2169 365 2205 re
380 2155 533 2207 monuimus.
569 2152 629 2204 Boe
648 2153 707 2203 loco
725 2147 803 2200 tanti
819 2151 897 2202 etiam
911 2150 1034 2202 Bruuius
1055 2157 1197 2203 tuetur.-

21 2313 24 2322 ‚
106 2237 108 2240 ¹
176 2254 595 2320 perurisgioriataurus.
632 2249 778 2302 Conserunt
793 2248 1008 2300 Bruuuxnusrua
1025 2257 1053 2300 et
1066 2249 1196 2301 uenum

178 2348 260 2397 Orru.
285 2348 340 2397 Art.
368 2350 424 2397 Am.
444 2347 467 2410 l,
484 2351 552 2397 290.
580 2348 664 2398 Viae.
684 2346 777 2413 Eetug.
797 2346 829 2412 V,
848 2350 892 2400 88.
910 2376 946 2388 —
973 2349 1143 2414 volueris,
1169 2353 1199 2401 ut

179 2442 266 2508 equite
290 2448 336 2492 sut
359 2444 491 2509 accipiter.
527 2442 663 2495 Nobiliore
689 2447 757 2496 enim
784 2448 904 2498 aui-atie
930 2448 972 2501 hic
997 2449 1113 2517 eugitsre
1138 2464 1197 2511 eum

178 2541 258 2593 rides.
276 2567 313 2579 -
344 2540 539 2607 receperit,
566 2541 726 2592 revocaverit
742 2541 776 2592 ad
795 2540 926 2606 hemines,
953 2545 1047 2596 iterum
1064 2547 1199 2600 admiserit
1232 2551 1237 2565 ·

179 2641 248 2692 inter
270 2637 385 2691 homines
404 2636 519 2703 (zuruck
541 2655 694 2707 genommen
714 2638 789 2703 hut).
809 2664 843 2677 -
874 2639 1032 2706 lnueptie
1058 2642 1200 2711 chattis,

178 2739 283 2805 inceptu
300 2739 391 2804 operi,
416 2736 596 2789 subtexam
621 2736 788 2799 earmina,
812 2748 893 2786 ueros
913 2750 1003 2786 versus
1022 2735 1122 2791 addam.
1160 2739 1200 2792 Da

179 2835 356 2904 metaphorice
381 2850 430 2887 usu
447 2834 582 2885 verborum
603 2842 708 2888 texere,
733 2831 867 2891 intexere,
891 2841 1045 2893 contexere,
1071 2832 1200 2894 detexere,

176 2943 316 3003 pertexere
325 2966 333 2994 ‚
351 2931 491 2986 subtexere
510 2933 577 2986 dixit
594 2928 816 2985 Broucmsrm.
