3009 4725
502 394 613 460 LlBR.
635 395 660 458 1.
703 393 824 459 ELEG.
846 397 903 461 lv.
1149 410 1210 468 103

192 572 315 647 Cybeleia
332 579 420 623 >nater
437 567 536 620 incitat
554 567 593 619 ad
608 568 744 640 Phrygios
768 569 835 622 vilia
854 569 969 624 membra
988 574 1094 633 modos.
1122 577 1208 649 deque

188 676 248 727 viro
259 673 320 743 fios
337 687 385 721 nec
397 666 507 740 senuna
525 685 572 717 nec
590 664 647 731 vir,
674 675 707 717 ut
725 666 814 723 Allis.
859 670 936 726 Quae
953 670 1059 725 laudant
1078 675 1207 744 interpre-

188 785 237 829 tes.
273 773 358 825 Porro
387 768 497 832 vilia,
527 770 656 819 contemta
682 782 697 816 s
725 782 754 818 se
782 772 809 818 et
835 766 906 821 nibili
930 769 1025 827 habita.
1063 773 1205 827 Gonicrtur

188 869 510 934 0v1n.ltmt.lv‚usss
537 865 628 918 molles
653 864 771 916 nu'nisrri
795 893 830 905 ·-
855 868 973 920 caedunt
997 870 1110 923 iactatis
1136 872 1202 924 vilia

186 969 302 1023 membra
336 966 430 1020 modis.
480 966 600 1019 Alienum
634 980 695 1017 vero
727 971 768 1018 est
798 964 840 1018 bic
870 968 940 1034 qood
970 972 1047 1024 otiam
1083 972 1201 1041 verbere,

186 1070 299 1137 flagellis
316 1082 407 1121 sonare
423 1081 464 1135 pr.
482 1057 592 1120 caedere
616 1064 711 1118 dicitur
731 1065 843 1132 Latine3
867 1082 927 1121 unm
951 1084 999 1123 nec
1023 1070 1137 1126 additum
1161 1081 1203 1128 est

129 1195 138 1213 .
188 1184 258 1221 uunc
274 1161 440 1221 verberibus,
461 1179 510 1216 nco
526 1163 589 1214 satis
607 1164 693 1229 gravis
710 1164 815 1216 omnino
831 1167 959 1219 sententia
976 1168 1050 1223 soret.
1086 1171 1153 1225 Nam
1173 1181 1201 1227 ut

186 1269 266 1322 toties
289 1266 353 1319 alias
370 1263 440 1332 epud
456 1271 558 1317 setores
576 1269 604 1316 et
623 1265 707 1331 ipsum
725 1264 874 1332 Tibullum,
899 1267 938 1319 sic
962 1269 1039 1320 etiam
1058 1268 1099 1323 bic
1118 1288 1200 1341 poena

186 1368 253 1421 bens
270 1362 480 1419 accommodatur
496 1362 606 1416 crimini.
643 1362 728 1415 Debet
746 1362 895 1416 mendicare
914 1380 961 1432 por
979 1366 1072 1431 urbes,
1090 1370 1134 1435 qui
1151 1386 1199 1422 au-

185 1483 241 1520 mm
259 1480 306 1535 pro
325 1465 428 1519 Veners
445 1461 571 1530 sumpsit,
596 1459 676 1513 debet
700 1461 813 1512 eviratos
838 1462 863 1513 in
889 1469 1021 1532 posterum
1046 1465 1133 1518 vivers
1151 1482 1200 1519 nco

185 1565 225 1617 vir
242 1580 290 1617 nec
308 1562 416 1629 iemlua,
442 1562 488 1630 qui
512 1563 591 1615 vilem
611 1559 701 1624 babuit
724 1561 832 1616 sormam
849 1578 922 1616 suam
941 1571 968 1617 et
984 1566 1067 1633 pretio
1085 1567 1200 1620 vendidit

186 1679 261 1716 usum
279 1660 482 1731 pulchritudiuis.
502 1686 538 1701 ···
569 1660 602 1714 V.
625 1661 669 1715 tl.
705 1659 820 1713 Venus
839 1661 932 1729 ipsa,
949 1654 1128 1730 ipsaquoqus
1146 1667 1198 1719 l'e-
1298 1687 1302 1694 v

186 1777 235 1814 nus
253 1761 316 1825 nult,
333 1764 363 1812 ut
379 1759 480 1812 blandis
497 1757 653 1812 carminibus
671 1757 719 1809 sibi
740 1758 879 1811 concilient
896 1774 990 1827 pueros
1007 1769 1143 1815 amatores.
1161 1792 1198 1804 -

186 1859 390 1925 Blanditiis,
407 1860 538 1912 amatoriis
551 1858 714 1912 carminibus.
733 1859 816 1913 Ovun
835 1861 934 1912 Amom.
953 1859 987 1926 11,
1007 1866 1032 1926 l,
1048 1866 1100 1914 21:
1120 1861 1196 1916 blari-

123 2001 130 2012 .
184 1958 269 2011 ditias
283 1958 421 2031 elegosque
436 1957 515 2016 leves,
533 1974 592 2009 nica
609 1955 674 2014 tela,
690 1954 837 2026 resumpsi5
858 1955 1011 2008 mollierunt
1026 1957 1109 2011 dunas
1125 1959 1197 2012 lenia

182 2057 264 2112 verba
277 2058 366 2131 fores.
383 2085 421 2099 -
444 2057 511 2110 Mox
528 2055 686 2122 asyndeton:
706 2054 821 2125 querelis
837 2052 1012 2124 supplicibus,
1029 2055 1130 2108 irrisoris
1141 2059 1196 2127 ste.

182 2159 254 2214 tibus
277 2175 397 2228 magnam
422 2159 472 2213 vim
502 2157 595 2220 babet3
621 2157 737 2223 graviter
760 2157 816 2210 buit
839 2158 982 2210 orationem
1005 2156 1079 2211 deus.
1115 2160 1196 2215 Cete-

184 2275 239 2313 rum
258 2260 354 2312 iavet
373 2255 544 2326 querelis,
568 2255 721 2308 ilotibns
739 2260 794 2308 ests
821 2256 1001 2324 querentibus,
1018 2259 1137 2310 flentibus
1155 2259 1195 2312 la·

184 2366 241 2425 vet,
268 2373 366 2425 meque
389 2355 495 2410 adiuvat
519 2359 550 2407 ut
576 2352 721 2409 audiantur.
766 2353 884 2422 Denique
908 2355 942 2409 do
967 2373 1016 2410 uso
1038 2358 1194 2427 pronominis

182 2460 244 2512 illa
262 2458 296 2513 ci.
313 2458 346 2511 ad
364 2459 386 2524 l,
402 2462 430 2524 ἣ,
445 2461 491 2511 oti.
528 2456 615 2509 Finita
632 2461 693 2508 sunt
711 2462 850 2525 praecepta
869 2457 967 2526 Priapi.

252 2557 286 2609 V.
311 2554 411 2607 ili-ad
434 2556 519 2608 finem.
565 2554 693 2607 Exitus
720 2555 894 2607 carminis.
941 2557 1050 2610 Poeta
1079 2560 1195 2612 laetus

182 2654 384 2725 praeceptis
407 2669 423 2706 a
447 2654 577 2725 Priapo
602 2654 746 2708 traditis
771 2654 845 2706 dum
873 2655 1074 2720 magistrum
1103 2660 1193 2713 cele·

180 2759 269 2810 brem
288 2772 324 2810 se
342 2757 453 2809 iactat
471 2755 623 2810 futurum
640 2756 784 2820 amoris,
811 2768 884 2807 mox
910 2752 1060 2807 ridicule
1083 2760 1195 2811 sentit

178 2861 248 2912 sibi
274 2859 403 2928 ipsine
428 2872 525 2927 opem
555 2855 651 2911 terro
677 2872 740 2910 nou
772 2870 890 2926 posse,
919 2853 1070 2909 blnralbi
1098 2873 1193 2923 quem

179 2966 343 3029 torqueat
366 2960 482 3014 leatus
507 2975 607 3012 amor.

249 3060 282 3113 V.
302 3064 337 3113 ts
355 3075 394 3127 sq.
430 3057 535 3112 Titio.
571 3061 795 3126 Bnoucnnusius,
814 3062 945 3125 Vossius,
963 3058 1078 3112 Vossius
1093 3056 1193 3114 Titiam

121 3218 124 3225 ¹
178 3154 333 3225 Septimium
349 3156 514 3224 intelligunt,
540 3158 652 3211 nobilem
670 3160 721 3212 ists
738 3165 824 3213 aetate
843 3164 947 3228 poetam
966 3156 1074 3223 lyricum
1092 3161 1121 3208 ot
1137 3160 1192 3206 tra-

178 3256 279 3321 gicum,
305 3257 339 3310 ‹ls
362 3273 415 3325 quo
439 3257 586 3311 Hoannroa
612 3257 737 3311 videndus
763 3257 846 3325 Epist.
872 3257 893 3324 1,
911 3262 938 3325 ³,
955 3262 982 3312 9.
1024 3257 1067 3310 Tu
1092 3269 1193 3308 mecum

177 3367 228 3405 non
252 3352 381 3408 dubitabis
404 3358 493 3410 timum
511 3355 553 3409 bic
570 3372 628 3409 esso
645 3370 755 3422 nomen,
782 3356 997 3422 quemadmodum
1015 3363 1070 3409 tota
1087 3356 1193 3409 consul-

175 3454 240 3505 totio
258 3453 349 3523 Priapi
365 3456 425 3509 ficta
442 3464 492 3511 est.
527 3457 589 3510 Fuit
607 3472 700 3510 nomeu
721 3457 799 3508 etiam
818 3462 908 3522 postea
927 3457 994 3509 inter
1012 3472 1059 3521 en,
1082 3471 1193 3524 quonum

175 3569 237 3606 unns
254 3557 280 3608 in
298 3558 360 3610 licta
376 3572 421 3623 re;
438 3574 497 3611 nam
515 3558 583 3627 apud
603 3557 793 3610 iureconsultos
812 3572 901 3609 eorum
919 3565 983 3624 croi,
1001 3574 1111 3626 quorum
1128 3573 1192 3612 can·

175 3667 229 3704 srrn
246 3654 291 3720 agi
310 3656 451 3722 fingebant,
470 3656 624 3709 observante
641 3654 855 3718 Buoucnnus103
873 3657 941 3723 apud
959 3657 1124 3709 luvnuanuu
1141 3655 1189 3719 lv,

176 3753 219 3800 lli.
254 3753 484 3809 Wuunrsaurmuo
510 3761 616 3810 notente
641 3755 799 3822 integritatis
825 3754 893 3808 iama
919 3758 1044 3824 insignem
1064 3757 1192 3810 hominem

174 3848 366 3913 significat.—
384 3857 540 3911 couinnx.
577 3856 672 3910 lncidit
690 3855 772 3923 igitur
788 3858 886 3909 interos
905 3858 930 3909 iu
949 3860 1051 3925 puellae
1068 3870 1191 3922 amorem,

174 3950 244 4004 uude
259 3968 399 4021 puerorum
412 3959 493 4010 amori
511 3975 562 4012 non
580 3959 691 4027 amplius
709 3960 789 4012 locus.
800 3985 835 3997 -·
853 3958 886 4012 V.
899 3963 932 4011 15
943 3975 981 4024 sq.
1000 3958 1190 4023 celebrate,

172 4053 394 4125 probamentis,
413 4059 518 4114 laudato
535 4060 696 4128 magistmm,
713 4059 749 4112 ait
764 4060 1014 4124 Wunnnnnrcnnns‚
1034 4055 1059 4109 b·
1071 4072 1094 4109 c.
1113 4070 1190 4124 prac-
1209 4128 1218 4137 θ

171 4155 256 4221 ceptis
277 4157 343 4210 meis
361 4160 462 4215 utimini
482 4176 564 4227 esque
587 4159 811 4230 enormitatum
838 4176 897 4214 natu
915 4156 1045 4212 celebrare
1063 4156 1190 4209 loininem
