3009 4725
323 407 371 482 16
630 399 817 475 TIBULLI
850 400 934 476 ΠΒ.
957 404 982 476 1.
1000 419 1028 479 t.

364 588 436 664 Nee
460 605 494 662 te
519 586 689 689 paeniteat
712 585 820 662 duros
845 587 993 664 subiisse
1017 588 1151 666 labores

415 718 487 791 Aut
512 745 617 819 opera
638 716 790 792 insuetas
816 719 992 795 attenuisse
1017 749 1157 811 manns,

361 848 452 936 Nee,
482 844 562 920 velit
583 845 718 922 insidiis
740 845 825 922 altas
847 847 877 922 si
904 847 1061 923 claudere
1085 847 1206 939 valles,

320 996 359 1055 50
415 979 510 1053 Dum
534 976 688 1080 placeas,
712 978 848 1054 humeri
873 980 957 1054 retia
982 978 1072 1054 serre
1096 997 1241 1081 negent:

366 1108 406 1184 si
428 1106 520 1185 volet
539 1137 654 1201 arma,
688 1107 753 1183 levi
779 1108 924 1184 tentabis
946 1106 1065 1184 ludere
1092 1108 1229 1200 dextra3

413 1239 523 1342 Saepe
549 1239 650 1315 dabis
674 1237 826 1330 nudum,
859 1237 971 1313 vincat
994 1255 1033 1312 ut
1057 1237 1132 1331 ille,
1164 1238 1263 1314 latus.

365 1369 465 1443 Tunc
490 1368 553 1444 tibi
575 1367 666 1444 mitis
693 1368 773 1457 en't,
802 1368 916 1470 rapias
941 1384 1013 1442 tum
1036 1395 1116 1442 cara
1138 1366 1255 1444 licebit

414 1495 561 1574 Oscula:
598 1496 784 1600 pugnabit,
817 1495 879 1570 sed
904 1512 1017 1572 tamen
1042 1514 1123 1599 apta
1147 1496 1251 1572 dabit.

324 1628 481 1729 55Rapta
507 1626 605 1702 dabit
627 1627 757 1728 primu,
789 1653 869 1701 mox
892 1626 1015 1704 offeret
1040 1628 1114 1729 ipse
1139 1626 1293 1727 roganti,

410 1757 494 1830 Post
518 1756 619 1831 etiam
642 1753 791 1831 collese
816 1754 1027 1857 implicuisse
1050 1753 1147 1831 volet.

366 1887 443 1961 Heu
456 1885 543 1961 male
555 1914 648 1960 nunc
665 1902 754 1964 artes
769 1886 912 1961 miseras
931 1885 1016 1961 baec
1035 1886 1171 1962 saecula
1183 1904 1344 1962 tractant:

415 2017 488 2089 Iam
511 2032 608 2090 tener
628 2016 776 2090 assuevit
798 2005 943 2091 munera
964 2014 1048 2092 velle
1070 2043 1164 2117 puer.

365 2144 413 2217 At
437 2161 511 2234 tua,
545 2144 604 2246 qui
629 2148 799 2220 Venerem
825 2143 971 2220 docuisti
992 2143 1136 2217 vendere
1159 2141 1310 2242 primns,

327 2293 365 2349 60
422 2273 590 2375 Quisquis
611 2298 666 2364 es,
697 2273 815 2348 infelix
839 2289 960 2371 urgent
980 2298 1058 2344 ossa
1081 2267 1176 2370 lapis.

365 2404 539 2493 Pieridas,
572 2402 692 2505 pueri,
724 2404 843 2478 doctos
869 2417 901 2475 et
926 2416 1034 2472 amate
1062 2415 1198 2500 poetas,

420 2535 537 2608 Aurea
561 2561 625 2608 nee
651 2547 811 2635 superent
830 2554 974 2602 munera
993 2527 1159 2602 Pieridas.

371 2664 529 2737 Carmine
548 2688 721 2766 purpurea
736 2675 787 2733 est
806 2657 882 2734 Nisi
903 2686 1017 2733 coma:
1041 2656 1192 2732 carmina
1212 2652 1248 2729 ni
1270 2655 1349 2747 sint,
1455 2650 1469 2677 “

421 2792 474 2866 Ex
498 2791 641 2867 humero
665 2788 804 2891 Pelopis
829 2816 902 2862 non
926 2788 1085 2861 nituisset
1110 2786 1204 2862 ebur.

332 2920 490 3018 &Quem
517 2921 665 2994 reserent
684 2918 818 3008 Musae,
842 2917 945 3017 vivetss,
981 2915 1064 2989 dum
1085 2914 1212 2990 robora
1234 2910 1349 3001 tellus,

423 3051 516 3124 Dum
541 3048 672 3125 caelum
692 3046 824 3137 stellas,
855 3046 938 3120 dum
963 3045 1063 3123 vebet
1085 3046 1195 3121 amnis
1220 3071 1335 3146 aquas.
1413 3114 1418 3143 ι

369 3179 417 3253 At
442 3179 502 3280 qui
527 3207 598 3252 non
625 3176 720 3251 audit
743 3176 884 3266 Musas,
915 3175 973 3277 qui
994 3175 1111 3250 vendit
1133 3201 1300 3263 amorem,

426 3308 549 3383 idaeae
573 3334 694 3380 currus
719 3304 776 3380 ille
798 3321 961 3407 sequatur
981 3304 1069 3408 Opis

373 3437 417 3513 Et
442 3454 651 3513 tercentenas
673 3436 847 3511 erroribus
874 3433 1005 3538 expleat
1029 3432 1125 3508 urbis

334 3588 373 3644 70
430 3569 475 3641 Et
500 3587 590 3644 secet
615 3568 660 3642 ad
686 3565 857 3669 Phrygios
884 3564 962 3637 vilia
983 3558 1137 3635 membra
1158 3556 1290 3634 modos.

379 3696 562 3772 Blanditiis
582 3695 652 3768 vult
675 3721 746 3769 esse
772 3693 885 3768 locum
908 3695 1024 3763 Venus
1049 3688 1144 3789 ipsa:
1176 3684 1323 3787 querelis

432 3823 673 3927 supplicibus,
705 3823 838 3896 miseris
861 3819 995 3894 fletibus
1014 3817 1074 3893 illa
1097 3816 1203 3891 favet’

410 4014 444 4068 V.
455 4016 499 4067 48.
522 4027 637 4081 opera.
673 4010 766 4064 Multis
781 4009 879 4077 placuit
896 4025 986 4078 opere,
1009 4004 1146 4062 deterioris
1163 4010 1250 4058 tamen
1267 4006 1358 4055 aueto-

332 4102 424 4164 ‘ritstis
444 4110 531 4165 lectio.
