3009 4725
1169 410 1534 474 TIBULLI.
2178 442 2380 485 xxxin

296 615 582 677 repugno
603 638 621 668 ‚
690 593 748 654 ei
808 588 996 652 malis
1057 598 1375 651 auctorem
1425 588 1576 651 libri
1616 589 1826 673 ipsum
1872 614 1937 657 se
1983 594 2375 679 Lygdamum

297 714 660 772 nominasse
681 753 699 783 ‚
790 702 972 789 quod
1035 724 1269 767 nomen
1330 704 1723 769 commodum
1780 713 2114 776 retinuerit
2170 714 2375 781 editor

303 840 568 909 propter
613 845 832 893 causas
878 819 1253 902 significatas
1295 820 1417 884 hoc
1460 842 1647 886 sensu
1664 866 1683 901 ‚
1740 845 1932 907 quem
1973 826 2127 893 dixi.
2209 832 2372 899 Satis

313 941 389 1004 de
429 944 561 1005 his.
599 976 692 988 —
741 939 823 1000 In
880 938 1097 1020 quarti
1152 938 1302 998 libri
1357 936 1539 998 initio
1600 937 1806 1002 editor
1856 945 2069 1023 posuit
2124 968 2371 1010 carmen

325 1056 403 1119 ad
444 1057 782 1117 Messalam
819 1054 1332 1133 gratulatorium,
1399 1051 1579 1134 quod
1615 1076 1758 1118 cum
1801 1057 1935 1119 aliis
1979 1069 2043 1120 et
2081 1059 2217 1139 ipse
2261 1064 2370 1123 ab-

319 1171 533 1234 iudico
576 1170 856 1245 Tibullo,
915 1180 987 1230 ut
1049 1165 1302 1230 abunde
1363 1168 1719 1247 expositum
1775 1168 2015 1235 videbis
2057 1176 2127 1235 in
2168 1175 2369 1238 intro·

318 1286 613 1350 ductione
655 1282 734 1347 ad
779 1286 1267 1365 explicationem
1312 1282 1623 1348 carminis,
1707 1284 1833 1349 Sed
1876 1304 1970 1352 est
2005 1294 2173 1381 illius
2210 1306 2368 1358 tem-

315 1403 504 1481 poris,
550 1422 680 1462 non
727 1400 980 1461 serioris
1013 1400 1173 1477 aevi,
1220 1403 1395 1461 cuius
1439 1402 1614 1462 nulla
1653 1416 1823 1466 certa
1863 1409 2117 1490 vestigia
2156 1412 2366 1491 habet,

319 1536 427 1577 nec
470 1513 664 1578 credo
711 1528 1012 1595 quartum
1055 1514 1327 1589 librum,
1389 1535 1578 1595 quam
1618 1516 1810 1579 habet
1848 1520 2150 1599 formam,
2210 1545 2247 1585 a
2287 1527 2364 1588 li-

318 1629 541 1692 brariis
586 1630 929 1709 accepisse,
979 1627 1091 1691 sed
1137 1651 1173 1690 a
1213 1629 1533 1710 primitivo
1581 1628 1840 1695 editore.
1927 1636 2249 1699 Sentiebat
2289 1639 2362 1717 is,

327 1744 576 1823 opinor,
618 1741 1035 1805 diversitatem
1076 1747 1244 1822 artis,
1287 1745 1397 1807 sed
1439 1768 1583 1810 cum
1624 1748 2032 1813 fundamenta
2073 1755 2364 1817 carminis

331 1875 467 1916 non
511 1857 681 1915 mala
701 1898 720 1933 ,
771 1856 841 1915 h.
882 1878 940 1916 e.
997 1856 1358 1920 divisionem
1415 1881 1629 1921 rerum
1688 1864 1917 1926 claram
1960 1876 2022 1924 et
2061 1864 2367 1943 magnifici

324 1971 442 2033 viri
500 1965 688 2033 laudi
744 1969 1254 2034 accommodatam
1306 1972 1590 2050 videret,
1650 1974 2082 2036 tractationem
2135 1977 2368 2054 imper-

323 2083 643 2146 fectiorem
679 2083 870 2147 variis
910 2086 1104 2147 causis
1137 2087 1412 2148 tribuere
1453 2084 1690 2168 potuit,
1732 2086 1930 2150 veluti
1960 2084 2196 2147 minori
2229 2087 2370 2149 usui

321 2210 537 2279 poetae
571 2200 643 2259 in
689 2198 865 2279 cpica
898 2200 1093 2279 poesi,
1141 2220 1331 2281 quem
1365 2200 1732 2283 ceteroquin
1760 2202 1929 2264 inter
1964 2222 2181 2264 omnes
2216 2220 2365 2264 con-

327 2324 509 2376 staret
537 2313 984 2376 admiratorem
1014 2313 1324 2376 Messalae
1366 2312 1558 2377 fuisse
1605 2328 1791 2398 atque
1837 2317 2022 2379 etiam
2062 2319 2363 2398 patrImo-

336 2431 412 2487 nii
450 2431 652 2491 fvt-isso
696 2431 1013 2503 iat-turtum?
1065 2431 1314 2507 qualem
1358 2443 1576 2492 auctor
1616 2432 1805 2495 huius
1850 2431 2137 2493 carminis
2176 2434 2364 2511 signi-

328 2551 476 2607 ficat.
568 2551 652 2607 lta
720 2551 809 2603 w!
877 2547 1090 2603 hahuit
1152 2566 1273 2626 pro
1316 2545 1680 2608 Tibulliano
1723 2549 1828 2610 vel
1870 2567 2001 2609 non
2047 2569 2231 2609 ausus
2276 2561 2368 2610 est

332 2663 680 2739 =·÷‚='tim[uct·c
729 2663 893 2739 qumi
949 2683 1057 2735 μῑᾞ
1113 2659 1470 2720 Tibulliano
1519 2660 1578 2718 ei
1619 2655 1916 2721 traditum
1960 2662 2198 2737 iuerat,
2265 2664 2366 2722 iu-

328 2779 536 2839 dicans
584 2779 716 2835 sere
765 2775 913 2835 idem
965 2779 1037 2835 :fsr-
1093 2779 1205 2838 hoc
1251 2797 1463 2858 opere,
1512 2773 1686 2857 quod
1730 2773 1807 2832 de
1854 2778 2033 2835 tertio
2066 2778 2365 2838 libro-—

332 2895 468 2951 szt
532 2895 652 2951 hur
696 2915 937 2951 varunna·
989 2892 1317 2952 mttocavit
1359 2889 1619 2968 elegidia
1669 2886 1747 2948 de
1792 2885 2104 2966 Sulpiciae
2150 2900 2210 2947 et
2254 2887 2371 2948 Ce-

332 3012 516 3068 rirztlzi
568 3012 881 3068 :maurinam
929 3012 985 3068 in
1033 3032 1073 3064 ,κε
1101 3006 1271 3068 hedis
1302 3006 1540 3067 Tibulli
1576 3017 1825 3087 reperta
1857 3024 1983 3064 una
2015 3022 2155 3063 cum
2188 3021 2373 3063 carm.

332 3148 416 3184 ΗΓ,
478 3132 572 3184 Ῐςί.
624 3136 676 3180 ιἿ
733 3128 825 3180 1-1.
917 3122 1186 3197 hunnis,
1248 3141 1436 3201 quem
1481 3122 1726 3181 amabat
1767 3121 1995 3200 puella,
2039 3115 2209 3179 haud
2256 3116 2372 3179 (lu-

332 3244 424 3296 hif-
464 3240 785 3296 ltnnmmffi
833 3240 945 3296 [uit
993 3260 1113 3296 mm
1158 3237 1463 3316 ignobilis,
1510 3236 1800 3317 idemque
1840 3236 2072 3296 amicus
2105 3234 2372 3313 Tibulli3

328 3356 436 3428 «μιῑ
492 3356 536 3408 εἰ
584 3356 640 3406 ir·
696 3356 893 3412 lut-em
941 3352 1125 3412 enlm-v
1170 3354 1324 3414 hacc
1370 3353 1643 3414 carmina
1678 3353 1897 3428 voluit,
1942 3362 2011 3410 ut
2046 3347 2372 3425 credimu5‚

332 3468 464 3542 Ῑμε-ιῗ·
528 3464 720 3524 viiii-ri
769 3484 969 3544 passu-nt
1021 3467 1329 3544 ponticum
1373 3486 1607 3528 nomen
1648 3466 1964 3543 intulisse,
2026 3465 2376 3529 Lachman-

331 3600 448 3640 nus
508 3600 660 3642 vero
724 3582 803 3641 ab
865 3580 1104 3642 editore
1163 3596 1382 3665 postea
1438 3580 1499 3645 id
1558 3584 1918 3664 impositum
1977 3595 2173 3664 putat.
2276 3582 2391 3641 De⁴

332 3715 459 3775 qua
508 3716 581 3755 re
638 3695 782 3756 vide
843 3717 1004 3777 quae
1062 3697 1135 3757 in
1192 3699 1587 3778 praefatione
1632 3695 1710 3758 ad
1754 3698 1906 3759 haec
1951 3695 2210 3774 elegidia
2256 3694 2379 3755 dis-

333 3812 566 3888 putavi.
654 3810 917 3889 Legitur
972 3808 1143 3874 ideni
1193 3816 1265 3875 in
1323 3813 1597 3878 secundo
1639 3815 1801 3874 libro
1848 3814 2001 3890 eleg.
2044 3810 2126 3870 II.
2169 3821 2229 3868 et
2270 3808 2379 3867 III.

334 3924 413 3982 At
453 3925 543 3986 ibi
587 3945 776 3990 causa
822 3925 935 3987 vix
980 3937 1146 4003 erat,
1194 3947 1389 4007 quare
1435 3946 1568 3987 non
1614 3946 1838 3990 verum
1883 3943 2118 3985 nomen
2161 3922 2381 3983 Tibul-

336 4037 432 4096 lus
473 4051 768 4118 poneret,
840 4051 913 4100 ut
971 4040 1122 4101 alias
1175 4041 1511 4103 Messalam
1568 4042 1879 4113 nominat,
1941 4050 2012 4098 ut
2067 4037 2384 4111 Horatius,

336 4148 732 4232 Propertius,
805 4153 912 4213 alii
971 4173 1124 4216 vera
1169 4156 1443 4237 nomina·
1469 4173 1691 4215 eorum
1736 4152 2091 4227 nominant,
2160 4153 2387 4230 quibus

1794 4287 1824 4321 C
