3009 4725
574 428 759 495 TIBULLI.
1084 464 1174 507 xm

373 601 529 666 Restituta
540 598 719 667 valetudiue
735 602 869 666 Romam
880 625 1033 692 reversus,
1049 615 1173 680 Deliam

418 729 575 798 aegrotam
590 718 724 798 invenit,
746 722 805 783 nisi
824 723 937 802 paullo
950 737 1024 806 post
1039 728 1073 789 in
1087 750 1172 792 mor·

417 833 496 894 brun
523 830 649 913 incidit,
680 845 713 898 et
737 837 892 920 praestitit
919 835 950 898 ei
975 850 1043 901 mm
1070 842 1172 906 officia

415 944 545 1009 laudata
566 948 641 1026 eleg.
658 947 684 1023 Ι,
707 952 738 1010 5.

178 1072 249 1114 anu.
267 1058 339 1115 725.
374 1055 550 1124 Discidium
571 1071 687 1139 ortium
713 1082 783 1124 cum
805 1063 906 1141 Delia,
927 1085 1011 1147 quac
1031 1065 1094 1130 iam
1115 1070 1170 1130 ab·

414 1185 503 1235 sente
524 1172 652 1235 Tibullo
674 1174 754 1235 clam
773 1172 867 1238 fidem
888 1174 1062 1241 deseruisse
1083 1179 1169 1241 vide-

413 1297 484 1360 tur,
513 1296 587 1364 post
606 1286 755 1348 morbum
777 1301 883 1369 aperte
905 1287 1031 1354 divitem
1051 1304 1168 1354 amato·

413 1417 483 1458 rem
506 1395 690 1459 admitteret.

371 1510 439 1574 Sub
453 1524 600 1574 aestatem
617 1526 721 1575 tamen
735 1515 848 1595 scripta
862 1511 986 1576 videtur
1001 1516 1075 1596 eleg.
1090 1516 1113 1594 l,
1128 1524 1167 1595 5.,

416 1644 485 1686 cum
513 1622 678 1687 discidium
706 1644 774 1686 non
801 1627 900 1689 ferret
927 1626 1052 1690 diutius.
1105 1629 1166 1692 Sed

416 1735 509 1800 Delia
529 1738 610 1801 circa
630 1738 691 1802 boc
715 1751 839 1823 tempus
860 1743 929 1804 viro
950 1743 1050 1804 nubit.

159 1844 366 1901 onn·725·2ss·
379 1849 489 1912 llieme
504 1850 606 1915 reddit
620 1853 762 1915 savorem
776 1851 869 1914 Delia
883 1867 1005 1933 poetae,
1023 1858 1078 1937 qui
1093 1860 1167 1918 scri-

427 1964 474 2025 bit
494 1966 564 2044 eleg.
581 1968 605 2044 l,
623 1973 655 2028 2.
686 1985 759 2026 cum
786 1967 924 2044 primum
951 1986 1034 2029 nova
1061 1968 1170 2028 limina

421 2089 559 2140 lenimi-

376 2190 549 2254 Gerebatur
571 2193 653 2255 circa
674 2193 735 2253 hoc
756 2201 878 2272 tempus
900 2191 1017 2253 bellum
1037 2191 1072 2252 in
1095 2186 1170 2254 Cili-

417 2306 463 2368 cia
484 2306 542 2367 sub
566 2304 721 2368 Messalae
743 2304 903 2386 auspiciis,
929 2305 984 2389 qui
1007 2301 1168 2370 Orientem

417 2419 635 2501 componebat.

160 2533 240 2595 Anni
257 2538 334 2595 726.
370 2555 445 2616 parc
465 2533 543 2597 felix
563 2530 690 2595 mnanti.
731 2531 814 2593 Tum
831 2531 924 2596 Delie
948 2555 1065 2597 novum
1087 2557 1170 2609 ama·

415 2658 515 2708 torem
530 2644 665 2707 admittit
678 2658 709 2707 et
721 2659 816 2727 poeta
831 2649 938 2712 scribit
952 2650 1028 2729 eleg.
1043 2650 1067 2727 l,
1085 2656 1115 2711 6.
1126 2684 1169 2700 ·-

416 2760 528 2823 Postea
548 2758 658 2821 relicta
682 2766 739 2819 est.

169 2891 241 2935 ann,
261 2875 341 2933 727·
377 2872 522 2937 Garunna
546 2871 586 2935 ad
604 2872 788 2935 Marathum
808 2867 902 2931 scribi
922 2882 1040 2947 coepta.
1059 2903 1103 2918 -
1132 2870 1173 2934 D.

417 2985 647 3067 xxlwept.
667 2985 819 3059 Messala,
850 2977 954 3044 redux
976 3000 1016 3041 ex
1037 2976 1175 3055 Oriente,

418 3101 624 3182 triumphavit
639 3096 678 3159 dc
693 3096 870 3179 Aquitanis.
906 3096 1105 3179 Paullo'post
1121 3095 1175 3157 Ti·

419 3214 525 3275 bullus
547 3210 689 3273 natalitia
711 3210 779 3272 cius
806 3211 973 3273 celebravit
1000 3212 1076 3291 cleg.
1096 3210 1119 3285 1,
1145 3217 1175 3274 7.

168 3350 248 3391 ann.
265 3333 344 3388 728.
376 3324 440 3387 Edi
459 3326 564 3407 potuit
583 3325 666 3386 liber
685 3323 808 3405 primus
829 3322 1005 3402 elegiarum.

143 3450 153 3527 s
164 3470 244 3510 ³¹¹⁰·
264 3451 341 3508 7²⁹·
380 3474 516 3555 Glycera
532 3485 655 3535 arnausr
668 3486 700 3535 ct
714 3484 871 3536 canuntur
885 3487 1018 3558 propter
1035 3494 1104 3537 eam
1120 3475 1176 3538 tle·

179 3549 214 3597 ⁰¹
240 3538 320 3596 ⁷3⁰⁰
423 3587 503 3653 biles
532 3587 620 3667 elegi.
673 3587 768 3649 Initio
799 3589 912 3651 amoris
951 3589 1044 3651 scribi
1075 3586 1180 3667 potuit

424 3722 518 3763 carm.
539 3702 594 3777 IV,
619 3706 668 3763 13.

166 3839 248 3880 aun.
266 3820 342 3879 731.
382 3813 457 3875 Post
479 3813 630 3895 Glycerae
651 3834 790 3874 amorem
819 3812 949 3893 elegidia
974 3812 1049 3873 libri
1076 3812 1180 3893 quarti

426 3947 615 4009 componere
636 3928 750 4007 coepit.

172 4048 244 4111 circ.
269 4049 349 4109 733.
383 4040 544 4103 Nemesim
566 4061 671 4101 antara
693 4044 810 4123 coepit,
832 4044 881 4103 cui
904 4036 1017 4102 deinde
1038 4040 1095 4100 tria
1116 4056 1182 4098 car-

428 4153 514 4214 mina
535 4166 722 4217 consecrata.

853 4288 901 4341 c2
