3009 4725
627 470 814 540 TIBULLI.
1149 506 1226 550 cm

198 647 293 709 Plura
315 644 463 727 exempla
482 644 618 707 hicnon
640 647 756 725 affero3
779 646 863 710 infru
884 650 968 715 enim
989 653 1082 717 etiam
1101 652 1141 718 de
1161 660 1222 724 hoc

197 782 310 841 genere
337 764 454 824 iterum
477 760 607 823 dicetur.
655 763 800 845 Apparet
821 784 898 828 vero
926 787 1040 848 perse
1064 792 1160 854 quem
1184 773 1225 836 sit

197 877 275 937 haec
305 896 434 959 quoque
464 895 517 936 res
545 888 618 956 apta
639 872 795 954 distichis,
826 898 897 939 cum
922 892 953 942 et
975 885 1068 944 metri
1088 884 1222 947 ambitus

201 991 366 1069 expleatur
393 986 555 1052 commode
584 1001 615 1049 et
642 990 815 1050 sententiae
840 989 985 1054 disertius
1011 1008 1222 1075 exponuntur.

201 1102 364 1165 Postremo
386 1106 499 1165 clarum
522 1102 684 1185 quomodo
706 1127 744 1166 ea
764 1104 889 1168 differat
910 1129 927 1168 a
949 1105 1119 1190 divisione3
1147 1133 1220 1175 nam

155 1253 156 1256 =
203 1215 289 1277 aliud
308 1231 354 1279 est
371 1216 544 1281 discernere
567 1228 689 1299 partes,
711 1219 869 1297 notiones,
893 1233 924 1283 et
942 1243 1063 1302 ponere
1086 1221 1220 1300 diverse,

198 1330 285 1393 aliud
309 1331 393 1394 idem
417 1332 520 1395 dicere
549 1337 639 1397 vario
664 1333 760 1398 modu
785 1347 816 1398 et
837 1338 996 1400 cirruulsre
1018 1338 1132 1401 similes
1153 1323 1237 1402 lor·x

198 1465 265 1506 mas
287 1445 426 1508 eiusdem
451 1450 632 1510 sententiae.
681 1450 730 1510 lta
751 1447 787 1510 fit
807 1462 843 1512 ut
869 1454 965 1514 ultera
987 1454 1068 1517 ratio
1092 1455 1219 1536 opposi-

196 1557 350 1636 tionibus,
373 1559 472 1622 altera
493 1559 749 1624 similitudinibus
769 1564 917 1643 gardent,
945 1566 1032 1651 quod
1053 1566 1218 1632 discrimen

197 1691 292 1754 quam
312 1673 381 1733 rim
400 1673 532 1756 hebeat,
563 1675 648 1736 inira
669 1673 784 1738 clarius
805 1674 914 1741 disces.

689 1875 729 1938 A.

265 2011 439 2078 Videamus
467 2037 550 2078 nuno
572 2016 752 2095 Tibullum,
782 2015 871 2078 euius
902 2033 995 2079 causa
1021 2019 1099 2078 haec
1125 2037 1219 2098 pras·

195 2129 291 2192 missa
319 2143 410 2210 sunt;
444 2150 515 2192 nam
541 2128 575 2194 id
602 2130 722 2211 agimus
750 2142 786 2193 ut
810 2130 1007 2194 Tibollianue
1035 2129 1220 2193 elocutionis

195 2245 335 2309 indolem
363 2244 530 2331 (Krastos)
552 2249 757 2312 illustremus.
805 2247 861 2310 Est
884 2259 988 2311 sutem
1013 2242 1100 2307 aliud
1124 2265 1219 2326 gene·

194 2365 288 2425 ratim
314 2362 453 2426 scribere
483 2361 521 2427 de
551 2366 746 2442 elocutione,
779 2361 865 2426 aliud
895 2361 934 2426 de
964 2375 1048 2426 certo
1078 2356 1218 2445 quodam

197 2478 345 2557 scriptore
367 2475 482 2540 dicere.
534 2477 613 2541 Cum
637 2479 720 2541 enim
745 2481 849 2543 sarias
874 2493 979 2562 partes
1009 2480 1124 2541 habeat
1152 2479 1218 2540 elo·

197 2592 280 2653 cutio
288 2637 297 2671 ‚
329 2595 385 2675 qui
409 2594 594 2675 scriptorem
622 2593 782 2678 quendam
808 2596 960 2676 explicat,
990 2596 1029 2655 ab
1057 2580 1219 2659 eo⁰ordiri

195 2704 288 2769 debet
315 2720 409 2791 atque
434 2708 466 2771 id
493 2711 596 2792 primo
618 2712 689 2774 loco
712 2730 850 2792 ponere,
882 2707 968 2792 quod
990 2710 1161 2771 maximum
1183 2710 1215 2770 in

194 2818 291 2880 huius
311 2822 483 2885 elocutione
500 2825 597 2888 babet
617 2836 828 2901 momentum,
850 2835 917 2884 tum
934 2820 1095 2884 commode
1112 2821 1218 2901 dispo-

192 2955 270 2996 nere
300 2947 411 3001 cetera.
462 2918 567 3020 Atque
594 2941 639 3001 ita
668 2938 829 3002 faciemus.
848 2970 893 2986 -
942 2934 1041 3012 Igitur
1071 2943 1125 2991 aut
1153 2950 1218 2991 una

192 3047 343 3110 continua
364 3046 494 3130 periodo
516 3052 667 3133 impletur
686 3051 857 3128 distichon,
885 3060 941 3111 aut
962 3045 1103 3108 membra
1122 3043 1219 3104 habet

190 3165 347 3229 sententia
368 3162 508 3228 discreta.
552 3169 599 3231 Ac
621 3169 712 3231 nobis
730 3169 865 3230 maxime
886 3164 926 3227 de
944 3168 1041 3228 altero
1064 3158 1218 3241 agendum

193 3276 265 3352 erit,
286 3281 513 3360 praemittimus
528 3296 633 3346 temen
651 3285 806 3347 nonnulla
823 3282 861 3346 de
875 3281 985 3365 priori.
1025 3278 1071 3340 Ut
1086 3274 1215 3339 omnino

192 3387 318 3469 pondus
332 3392 452 3456 habent
466 3394 649 3476 grandiores
666 3397 919 3478 compositiones,
939 3396 982 3457 sic
1000 3391 1092 3455 etium
1108 3392 1215 3473 perio·

192 3498 251 3565 dus
280 3527 344 3566 una
371 3509 521 3570 continua
548 3530 606 3591 per
635 3521 734 3571 totum
763 3507 919 3571 distichon
946 3527 1013 3569 non
1037 3505 1214 3583 interrupto

193 3637 285 3679 cursu
315 3618 485 3686 decurrens
512 3625 614 3707 placet
640 3645 776 3689 nervoso
804 3625 933 3686 ambitu.
986 3620 1215 3698 Distinguimus

192 3749 267 3791 vero
297 3733 349 3794 lric
379 3733 457 3797 duas
486 3737 614 3799 formas.
662 3738 839 3803 Nervosior
860 3751 891 3800 et
914 3736 1034 3799 firmior
1058 3734 1135 3794 haec
1160 3743 1215 3804 est,

189 3844 246 3906 ubi
274 3866 340 3908 non
370 3849 554 3915 hexametro
584 3854 759 3916 absolvitur
787 3855 976 3917 constructio
1005 3843 1213 3928 grammatica,

192 3956 243 4020 sed
272 3960 408 4026 duarum
441 3967 619 4049 principum
648 3970 785 4050 partium
815 3966 1036 4030 enuntiationis
1065 3961 1214 4022 alterutra

191 4069 223 4130 in
244 4089 442 4153 pentametro
470 4068 599 4162 ponitur
621 4099 674 4147 sut
699 4086 793 4148 etiam
814 4082 990 4167 praedicatu
1012 4090 1043 4142 et
1065 4074 1212 4141 attributa

191 4190 255 4250 sola
277 4191 496 4259 hexametrum
516 4199 657 4279 impleut.
702 4199 854 4283 Exempla
879 4216 1024 4279 sppouo:
