3009 4725
628 390 814 462 TIBULLI·
1156 423 1234 465 nxxt

202 576 373 658 posthaec
395 567 537 654 denique
558 565 651 634 etiem
672 568 810 652 penitius
830 570 1056 653 perspiciemus
1075 575 1229 643 Tibullia.

203 708 260 751 nes
282 689 391 751 exitus
414 684 606 760 cautinum,
634 693 667 746 et
689 703 745 750 cur
765 684 842 746 tales
864 687 1032 749 necessarii
1051 691 1169 755 fue1int
1194 696 1226 756 in

203 802 262 866 hnc
280 800 389 885 poesi,
414 800 526 884 qrrales
546 794 689 861 videmus
710 794 884 874 adhibitos,
905 818 1101 882 opponamus
1122 807 1228 871 brevi.

204 929 255 980 ter
273 916 488 999 Propertium.
537 913 598 977 Hic
617 913 734 977 multos
758 911 861 976 exitus
882 914 978 978 habet
998 938 1018 978 e
1038 916 1156 980 Tibulli
1175 943 1228 988 ra.

207 1032 297 1095 tione
318 1029 466 1110 tlemus,
485 1030 519 1096 h.
540 1049 571 1092 e.
591 1029 650 1096 nbi
667 1049 733 1093 nen
755 1030 889 1094 solvitur
909 1027 1102 1107 dissonantia
1122 1035 1228 1117 queri.
1314 1015 1318 1024 ’

211 1144 353 1223 moniae3
381 1143 550 1210 mutatione
578 1143 751 1209 tententiae
777 1163 881 1228 neque
901 1144 935 1207 in
958 1146 1046 1212 exitu
1067 1166 1147 1230 opus
1170 1149 1227 1212 he·

210 1260 295 1337 buit,
323 1279 380 1324 nec
400 1258 468 1322 aliis
486 1258 521 1320 in
541 1256 621 1322 lucis
641 1255 833 1336 carminum,
861 1257 888 1321 si
907 1260 989 1322 bene
1008 1261 1154 1339 memini,
1181 1274 1229 1326 est

205 1397 292 1440 usus.
336 1370 524 1468 Gur-haee?
564 1372 919 1455 Nimirum.Prepertiu
946 1375 1112 1458 proprium
1139 1377 1227 1441 vide·

204 1495 299 1557 betur
327 1491 463 1571 ameris,
494 1488 640 1573 piurimis
661 1488 785 1552 cetibus
807 1489 982 1553 obnoxium
1009 1513 1076 1556 esse
1097 1494 1225 1557 stelias
1250 1512 1252 1516 ·

203 1608 384 1671 alienam
403 1605 544 1682 mereri,
572 1614 605 1667 et
624 1603 708 1666 hene
726 1602 823 1668 vitant
845 1605 993 1682 mentis,
1020 1585 1160 1689 plenam,
1188 1623 1226 1672 ut

148 1793 152 1801 Ι
203 1718 486 1793 dixi,innu1ne1is
507 1717 1049 1799 casibus,plenama1ieetionibus,
1072 1722 1224 1800 sensibus,

166 1903 174 1916 ,
208 1830 449 1911 cogitationibus
463 1831 566 1907 ratiis,
583 1831 666 1895 vetii
682 1830 815 1912 generis,
836 1830 1008 1913 depingunt
1022 1835 1142 1915 egregia
1158 1858 1224 1902 car.

205 1947 298 2010 mina
319 1946 407 2022 eius,
435 1965 569 2029 quorem
587 1945 796 2012 diuersissime
816 1958 891 2009 sunt
909 1963 1106 2028 arguments,
1127 1952 1226 2016 unde·

205 2083 337 2148 quaque
353 2074 449 2144 poeta
465 2082 573 2125 causas
592 2062 724 2127 emendi
743 2059 887 2125 ducente.
929 2060 1023 2123 Canit
1034 2062 1129 2142 igitur
1144 2085 1226 2130 nune

204 2175 350 2255 delores,
371 2174 606 2260 tenegaudia,
635 2176 791 2242 mixtosve
813 2196 939 2254 sensus,
961 2187 996 2240 ut
1019 2188 1160 2260 tempera
1181 2180 1227 2240 fe·

206 2309 288 2373 nent,
308 2316 415 2379 neque
431 2294 552 2378 ubique
568 2293 621 2356 ltic
642 2293 809 2356 necessarii
828 2293 906 2358 isles
928 2293 1040 2375 exitus,
1060 2293 1116 2379 qui
1137 2315 1226 2380 spem

207 2409 342 2473 melioris
363 2409 511 2473 tonum
527 2404 701 2483 ostendent,
722 2405 777 2469 sed
795 2406 886 2470 etiam
902 2408 937 2470 in
954 2410 1088 2492 suspiria
1104 2423 1226 2495 etque.

206 2524 305 2585 relam
325 2533 445 2586 exeunt
465 2521 606 2583 carmina
627 2539 695 2583 nen
721 2520 825 2585 seluta
851 2519 1053 2587 dissonantia.
1101 2523 1226 2589 Nihilo·

204 2642 308 2705 minus
331 2662 398 2704 nun
418 2641 501 2703 male
521 2658 582 2703 nee
603 2639 700 2701 habet
718 2658 787 2703 res:
808 2639 959 2705 sentimus
977 2662 1043 2705 nun
1058 2639 1225 2725 desperare

206 2770 349 2836 poetam,
376 2757 436 2819 etsi
453 2755 489 2820 in
510 2755 674 2838 querelem
696 2750 820 2815 desinat
839 2753 953 2832 elegis,
982 2753 1039 2816 sed
1060 2753 1103 2841 sie
1123 2752 1226 2820 reddit

204 2869 361 2952 utrimque
382 2866 532 2950 temporis
555 2867 818 2942 rametenses,
847 2877 884 2929 ut
912 2844 983 2926 cum
1006 2868 1126 2927 natanti
1150 2868 1225 2928 alias

204 2983 258 3048 eiii
284 2983 399 3047 fluetus
426 2983 509 3046 eirca
536 2995 645 3065 pecttrs
672 2979 805 3063 ludunt,
833 3001 972 3066 quorum
992 2989 1098 3042 temen
1119 2979 1226 3043 mallus

203 3101 329 3180 gratius
346 3097 520 3183 quidquem
534 3099 682 3161 minetur.
723 3099 824 3161 Aliter
844 3095 1000 3159 Tibullus.
1041 3090 1124 3157 Huic
1139 3110 1225 3154 sum·

205 3234 292 3275 ntum
309 3216 434 3276 benum
450 3213 486 3274 in
501 3230 608 3275 amere
624 3215 734 3296 requei
753 3232 891 3276 curarum
911 3209 1085 3288 videbatur,
1096 3206 1147 3273 de
1163 3228 1226 3293 qua

204 3329 241 3391 in
263 3326 466 3391 antecedente
490 3327 590 3413 cupite
616 3327 702 3408 dixi3
734 3321 773 3391 ’eo
801 3328 898 3407 igitur
925 3324 1018 3386 etiam
1037 3324 1141 3406 pessis
1169 3345 1226 3387 sua

207 3439 308 3504 tendit
327 3455 410 3521 teta,
431 3454 526 3525 etque
546 3439 677 3521 insignis
703 3439 849 3514 affectus,
879 3437 936 3523 qui
956 3458 1014 3518 per
1034 3438 1090 3501 has
1114 3436 1225 3517 elegias

208 3553 401 3633 deuoluitur,
431 3558 568 3642 quietem
596 3554 772 3619 necessario
799 3551 964 3617 desideret.
1009 3552 1095 3614 Haec
1122 3552 1226 3613 hacte-

206 3688 276 3731 uus.
321 3669 504 3733 Generatim
530 3669 750 3753 descripsimus
777 3689 904 3733 cursum
924 3667 1093 3748 legitimum
1117 3684 1226 3726 rerum

207 3782 420 3867 (Haemum
452 3786 505 3851 dtr
538 3786 608 3849 Ides
634 3820 678 3833 -·-
707 3783 912 3861 Eniwicidung
946 3817 990 3833 -·-
1026 3776 1226 3855 bembkmder
1297 3838 1299 3843 .

206 3897 343 3977 &linesi
361 3934 407 3947 -
438 3897 636 3983 Disputatio,
669 3918 765 3981 qnam
787 3895 881 3960 medo
908 3891 1026 3973 legisti,
1054 3887 1094 3950 ad
1121 3888 1226 3951 omnia

207 4012 344 4073 cumina
364 4012 486 4075 Tibulli
506 4012 658 4100 pertinen
689 4022 793 4074 tenten
822 4006 862 4070 de
884 3989 1226 4089 παρακλαυσιθύροις,

211 4144 288 4206 quae
304 4123 468 4204 dicuntur,
493 4128 648 4192 nonnulle
669 4126 843 4207 specialiter
865 4120 993 4195 addam,
1017 4139 1087 4181 cum
1109 4116 1228 4179 formae
