<?xml version="1.0" encoding="UTF-8"?>
<!DOCTYPE html PUBLIC "-//W3C//DTD XHTML 1.0 Transitional//EN"
    "http://www.w3.org/TR/xhtml1/DTD/xhtml1-transitional.dtd">
<html xmlns="http://www.w3.org/1999/xhtml" xml:lang="en" lang="en">
 <head>
  <title>
</title>
<meta http-equiv="Content-Type" content="text/html;charset=utf-8" />
  <meta name='ocr-system' content='tesseract 3.04.00' />
  <meta name='ocr-capabilities' content='ocr_page ocr_carea ocr_par ocr_line ocrx_word'/>
</head>
<body>
  <div class='ocr_page' id='page_1' title='image "albiitibullicar00unkngoog_0241.png"; bbox 0 0 3009 4725; ppageno 0'>
   <div class='ocr_carea' id='block_1_1' title="bbox 460 399 883 477">
    <p class='ocr_par' dir='ltr' id='par_1_1' title="bbox 460 399 883 477">
     <span class='ocr_line' id='line_1_1' title="bbox 460 399 883 477; baseline 0.012 -7"><span class='ocrx_word' id='word_1_1' title='bbox 460 399 659 474; x_wconf 65' lang='lat' dir='ltr'><strong>‚rmum</strong></span> <span class='ocrx_word' id='word_1_2' title='bbox 691 400 777 477; x_wconf 73' lang='grc' dir='ltr'><strong>ΠΒ.</strong></span> <span class='ocrx_word' id='word_1_3' title='bbox 797 404 839 477; x_wconf 89' lang='lat' dir='ltr'><strong>ll.</strong></span> <span class='ocrx_word' id='word_1_4' title='bbox 858 419 883 475; x_wconf 88' lang='lat'><strong>1.</strong></span> 
     </span>
    </p>
   </div>
   <div class='ocr_carea' id='block_1_2' title="bbox 211 586 1126 1085">
    <p class='ocr_par' dir='ltr' id='par_1_2' title="bbox 211 586 1074 823">
     <span class='ocr_line' id='line_1_2' title="bbox 211 586 1028 692; baseline -0.001 -25"><span class='ocrx_word' id='word_1_5' title='bbox 211 591 394 667; x_wconf 66' lang='lat' dir='ltr'><strong>llli‘etiam</strong></span> <span class='ocrx_word' id='word_1_6' title='bbox 418 588 661 692; x_wconf 79' lang='lat' dir='ltr'><strong>tauros&#39;primi</strong></span> <span class='ocrx_word' id='word_1_7' title='bbox 684 587 844 663; x_wconf 80' lang='lat' dir='ltr'><strong>docuisse</strong></span> <span class='ocrx_word' id='word_1_8' title='bbox 869 586 1028 666; x_wconf 85' lang='lat' dir='ltr'><strong>seruntur</strong></span> 
     </span>
     <span class='ocr_line' id='line_1_3' title="bbox 258 720 1074 823; baseline 0.001 -26"><span class='ocrx_word' id='word_1_9' title='bbox 258 724 444 798; x_wconf 80' lang='lat' dir='ltr'><strong>Servitium</strong></span> <span class='ocrx_word' id='word_1_10' title='bbox 471 739 504 797; x_wconf 91' lang='lat' dir='ltr'><strong>et</strong></span> <span class='ocrx_word' id='word_1_11' title='bbox 528 720 681 823; x_wconf 90' lang='lat' dir='ltr'><strong>plaustro</strong></span> <span class='ocrx_word' id='word_1_12' title='bbox 705 721 929 821; x_wconf 79' lang='lat' dir='ltr'><strong>supposuisse</strong></span> <span class='ocrx_word' id='word_1_13' title='bbox 954 741 1074 799; x_wconf 88' lang='lat' dir='ltr'><strong>rotam.</strong></span> 
     </span>
    </p>

    <p class='ocr_par' dir='ltr' id='par_1_3' title="bbox 212 849 1126 1085">
     <span class='ocr_line' id='line_1_4' title="bbox 212 849 1126 955; baseline 0.002 -29"><span class='ocrx_word' id='word_1_14' title='bbox 212 856 311 927; x_wconf 89' lang='lat' dir='ltr'><strong>&#39;lune</strong></span> <span class='ocrx_word' id='word_1_15' title='bbox 333 852 445 927; x_wconf 75' lang='lat' dir='ltr'><strong>rietus</strong></span> <span class='ocrx_word' id='word_1_16' title='bbox 466 851 581 928; x_wconf 88' lang='lat' dir='ltr'><strong>abiere</strong></span> <span class='ocrx_word' id='word_1_17' title='bbox 606 849 690 940; x_wconf 85' lang='lat' dir='ltr'><strong>feri,</strong></span> <span class='ocrx_word' id='word_1_18' title='bbox 720 866 803 923; x_wconf 86' lang='lat' dir='ltr'><strong>tunc</strong></span> <span class='ocrx_word' id='word_1_19' title='bbox 829 849 960 926; x_wconf 81' lang='lat' dir='ltr'><strong>consita</strong></span> <span class='ocrx_word' id='word_1_20' title='bbox 980 880 1126 955; x_wconf 87' lang='lat' dir='ltr'><strong>pomus,</strong></span> 
     </span>
     <span class='ocr_line' id='line_1_5' title="bbox 264 978 1093 1085; baseline 0.006 -31"><span class='ocrx_word' id='word_1_21' title='bbox 264 985 365 1056; x_wconf 83' lang='lat' dir='ltr'><strong>Tunc</strong></span> <span class='ocrx_word' id='word_1_22' title='bbox 389 981 480 1056; x_wconf 84' lang='lat' dir='ltr'><strong>bibit</strong></span> <span class='ocrx_word' id='word_1_23' title='bbox 503 980 654 1078; x_wconf 78' lang='lat' dir='ltr'><strong>irriguas</strong></span> <span class='ocrx_word' id='word_1_24' title='bbox 679 978 800 1053; x_wconf 86' lang='lat' dir='ltr'><strong>fertilis</strong></span> <span class='ocrx_word' id='word_1_25' title='bbox 823 979 943 1055; x_wconf 87' lang='lat' dir='ltr'><strong>bortus</strong></span> <span class='ocrx_word' id='word_1_26' title='bbox 966 997 1093 1085; x_wconf 82' lang='lat' dir='ltr'><strong>aquas,</strong></span> 
     </span>
    </p>
   </div>
   <div class='ocr_carea' id='block_1_3' title="bbox 176 1107 1168 1217">
    <p class='ocr_par' dir='ltr' id='par_1_4' title="bbox 176 1107 1168 1217">
     <span class='ocr_line' id='line_1_6' title="bbox 176 1107 1168 1217; baseline 0.009 -33"><span class='ocrx_word' id='word_1_27' title='bbox 176 1109 337 1185; x_wconf 68' lang='lat' dir='ltr'><strong>roburea</strong></span> <span class='ocrx_word' id='word_1_28' title='bbox 362 1129 445 1185; x_wconf 83' lang='lat' dir='ltr'><strong>tuuc</strong></span> <span class='ocrx_word' id='word_1_29' title='bbox 469 1135 610 1212; x_wconf 88' lang='lat' dir='ltr'><strong>pressos·</strong></span> <span class='ocrx_word' id='word_1_30' title='bbox 632 1107 782 1210; x_wconf 85' lang='lat' dir='ltr'><strong>pedibus</strong></span> <span class='ocrx_word' id='word_1_31' title='bbox 807 1110 904 1184; x_wconf 82' lang='lat' dir='ltr'><strong>dedit</strong></span> <span class='ocrx_word' id='word_1_32' title='bbox 927 1140 993 1185; x_wconf 84' lang='lat' dir='ltr'><strong>uva</strong></span> <span class='ocrx_word' id='word_1_33' title='bbox 1018 1114 1168 1217; x_wconf 79' lang='lat' dir='ltr'><strong>liquores</strong></span> 
     </span>
    </p>
   </div>
   <div class='ocr_carea' id='block_1_4' title="bbox 177 1239 1167 3422">
    <p class='ocr_par' dir='ltr' id='par_1_5' title="bbox 177 1239 1167 3422">
     <span class='ocr_line' id='line_1_7' title="bbox 267 1239 1095 1345; baseline 0.007 -32"><span class='ocrx_word' id='word_1_34' title='bbox 267 1240 442 1342; x_wconf 72' lang='lat' dir='ltr'><strong>Mixtaque</strong></span> <span class='ocrx_word' id='word_1_35' title='bbox 465 1265 587 1314; x_wconf 85' lang='lat' dir='ltr'><strong>securo</strong></span> <span class='ocrx_word' id='word_1_36' title='bbox 611 1256 663 1313; x_wconf 86' lang='lat' dir='ltr'><strong>est</strong></span> <span class='ocrx_word' id='word_1_37' title='bbox 685 1239 802 1314; x_wconf 89' lang='lat' dir='ltr'><strong>sobria</strong></span> <span class='ocrx_word' id='word_1_38' title='bbox 824 1239 966 1345; x_wconf 86' lang='lat' dir='ltr'><strong>lympha</strong></span> <span class='ocrx_word' id='word_1_39' title='bbox 990 1271 1095 1319; x_wconf 80' lang='lat' dir='ltr'><strong>utero.</strong></span> 
     </span>
     <span class='ocr_line' id='line_1_8' title="bbox 215 1367 1123 1458; baseline 0.008 -15"><span class='ocrx_word' id='word_1_40' title='bbox 215 1370 311 1443; x_wconf 89' lang='lat' dir='ltr'><strong>Rura</strong></span> <span class='ocrx_word' id='word_1_41' title='bbox 333 1370 450 1445; x_wconf 86' lang='lat' dir='ltr'><strong>serunt</strong></span> <span class='ocrx_word' id='word_1_42' title='bbox 470 1396 617 1458; x_wconf 85' lang='lat' dir='ltr'><strong>messes,</strong></span> <span class='ocrx_word' id='word_1_43' title='bbox 650 1367 753 1442; x_wconf 86' lang='lat' dir='ltr'><strong>calidi</strong></span> <span class='ocrx_word' id='word_1_44' title='bbox 780 1397 857 1444; x_wconf 87' lang='lat' dir='ltr'><strong>cum</strong></span> <span class='ocrx_word' id='word_1_45' title='bbox 880 1371 1003 1447; x_wconf 88' lang='lat' dir='ltr'><strong>sideris</strong></span> <span class='ocrx_word' id='word_1_46' title='bbox 1028 1392 1123 1450; x_wconf 88' lang='lat' dir='ltr'><strong>aestu</strong></span> 
     </span>
     <span class='ocr_line' id='line_1_9' title="bbox 263 1499 951 1600; baseline 0.004 -28"><span class='ocrx_word' id='word_1_47' title='bbox 263 1500 416 1600; x_wconf 87' lang='lat' dir='ltr'><strong>Depouit</strong></span> <span class='ocrx_word' id='word_1_48' title='bbox 441 1499 547 1574; x_wconf 84' lang='lat' dir='ltr'><strong>llavas</strong></span> <span class='ocrx_word' id='word_1_49' title='bbox 571 1526 687 1573; x_wconf 89' lang='lat' dir='ltr'><strong>annua</strong></span> <span class='ocrx_word' id='word_1_50' title='bbox 711 1516 802 1573; x_wconf 86' lang='lat' dir='ltr'><strong>terra</strong></span> <span class='ocrx_word' id='word_1_51' title='bbox 827 1528 951 1575; x_wconf 87' lang='lat' dir='ltr'><strong>comas.</strong></span> 
     </span>
     <span class='ocr_line' id='line_1_10' title="bbox 220 1627 1062 1730; baseline 0.008 -30"><span class='ocrx_word' id='word_1_52' title='bbox 220 1629 315 1702; x_wconf 83' lang='lat' dir='ltr'><strong>Rure</strong></span> <span class='ocrx_word' id='word_1_53' title='bbox 335 1628 417 1704; x_wconf 78' lang='lat' dir='ltr'><strong>leuis</strong></span> <span class='ocrx_word' id='word_1_54' title='bbox 444 1658 549 1704; x_wconf 83' lang='lat' dir='ltr'><strong>verno</strong></span> <span class='ocrx_word' id='word_1_55' title='bbox 573 1627 676 1702; x_wconf 85' lang='lat' dir='ltr'><strong>llores</strong></span> <span class='ocrx_word' id='word_1_56' title='bbox 703 1630 778 1730; x_wconf 91' lang='lat' dir='ltr'><strong>apis</strong></span> <span class='ocrx_word' id='word_1_57' title='bbox 803 1630 929 1729; x_wconf 80' lang='lat' dir='ltr'><strong>ingerit</strong></span> <span class='ocrx_word' id='word_1_58' title='bbox 950 1631 1062 1724; x_wconf 85' lang='lat' dir='ltr'><strong>alveo,</strong></span> 
     </span>
     <span class='ocr_line' id='line_1_11' title="bbox 177 1757 1033 1861; baseline 0.009 -31"><span class='ocrx_word' id='word_1_59' title='bbox 177 1776 216 1830; x_wconf 82' lang='lat'><strong>50</strong></span> <span class='ocrx_word' id='word_1_60' title='bbox 278 1759 453 1861; x_wconf 89' lang='lat' dir='ltr'><strong>Compleat</strong></span> <span class='ocrx_word' id='word_1_61' title='bbox 476 1778 514 1834; x_wconf 87' lang='lat' dir='ltr'><strong>ut</strong></span> <span class='ocrx_word' id='word_1_62' title='bbox 540 1759 634 1836; x_wconf 82' lang='lat' dir='ltr'><strong>dulci</strong></span> <span class='ocrx_word' id='word_1_63' title='bbox 660 1757 780 1834; x_wconf 85' lang='lat' dir='ltr'><strong>sedula</strong></span> <span class='ocrx_word' id='word_1_64' title='bbox 805 1760 904 1835; x_wconf 83' lang='lat' dir='ltr'><strong>melle</strong></span> <span class='ocrx_word' id='word_1_65' title='bbox 928 1762 1033 1838; x_wconf 84' lang='lat' dir='ltr'><strong>favos.</strong></span> 
     </span>
     <span class='ocr_line' id='line_1_12' title="bbox 216 1889 1092 1993; baseline 0.003 -28"><span class='ocrx_word' id='word_1_66' title='bbox 216 1889 381 1990; x_wconf 83' lang='lat' dir='ltr'><strong>Agricola</strong></span> <span class='ocrx_word' id='word_1_67' title='bbox 403 1891 541 1964; x_wconf 82' lang='lat' dir='ltr'><strong>assiduo</strong></span> <span class='ocrx_word' id='word_1_68' title='bbox 561 1892 713 1993; x_wconf 89' lang='lat' dir='ltr'><strong>primum</strong></span> <span class='ocrx_word' id='word_1_69' title='bbox 739 1892 881 1966; x_wconf 85' lang='lat' dir='ltr'><strong>satiatus</strong></span> <span class='ocrx_word' id='word_1_70' title='bbox 907 1889 1047 1968; x_wconf 80' lang='lat' dir='ltr'><strong>aratro</strong></span> <span class='ocrx_word' id='word_1_71' title='bbox 1088 1923 1092 1936; x_wconf 86' lang='lat'><strong>·</strong></span> 
     </span>
     <span class='ocr_line' id='line_1_13' title="bbox 275 2020 941 2125; baseline 0.006 -32"><span class='ocrx_word' id='word_1_72' title='bbox 275 2020 432 2094; x_wconf 81' lang='lat' dir='ltr'><strong>Cantauit</strong></span> <span class='ocrx_word' id='word_1_73' title='bbox 453 2038 544 2095; x_wconf 90' lang='lat' dir='ltr'><strong>certo</strong></span> <span class='ocrx_word' id='word_1_74' title='bbox 568 2021 696 2097; x_wconf 84' lang='lat' dir='ltr'><strong>rustica</strong></span> <span class='ocrx_word' id='word_1_75' title='bbox 722 2021 827 2095; x_wconf 89' lang='lat' dir='ltr'><strong>verba</strong></span> <span class='ocrx_word' id='word_1_76' title='bbox 852 2021 941 2125; x_wconf 82' lang='lat' dir='ltr'><strong>pede</strong></span> 
     </span>
     <span class='ocr_line' id='line_1_14' title="bbox 224 2151 1126 2254; baseline 0.002 -28"><span class='ocrx_word' id='word_1_77' title='bbox 224 2152 268 2226; x_wconf 90' lang='lat' dir='ltr'><strong>Et</strong></span> <span class='ocrx_word' id='word_1_78' title='bbox 292 2170 390 2227; x_wconf 85' lang='lat' dir='ltr'><strong>satur</strong></span> <span class='ocrx_word' id='word_1_79' title='bbox 411 2153 520 2228; x_wconf 88' lang='lat' dir='ltr'><strong>arenti</strong></span> <span class='ocrx_word' id='word_1_80' title='bbox 546 2153 696 2254; x_wconf 89' lang='lat' dir='ltr'><strong>primum</strong></span> <span class='ocrx_word' id='word_1_81' title='bbox 723 2167 775 2228; x_wconf 81' lang='lat' dir='ltr'><strong>est</strong></span> <span class='ocrx_word' id='word_1_82' title='bbox 799 2151 994 2227; x_wconf 86' lang='lat' dir='ltr'><strong>modulatus</strong></span> <span class='ocrx_word' id='word_1_83' title='bbox 1021 2181 1126 2228; x_wconf 83' lang='lat' dir='ltr'><strong>avena</strong></span> 
     </span>
     <span class='ocr_line' id='line_1_15' title="bbox 275 2281 1051 2375; baseline 0.003 -19"><span class='ocrx_word' id='word_1_84' title='bbox 275 2282 439 2375; x_wconf 82' lang='lat' dir='ltr'><strong>Carmen,</strong></span> <span class='ocrx_word' id='word_1_85' title='bbox 467 2300 507 2357; x_wconf 88' lang='lat' dir='ltr'><strong>ut</strong></span> <span class='ocrx_word' id='word_1_86' title='bbox 527 2300 667 2357; x_wconf 85' lang='lat' dir='ltr'><strong>ornatos</strong></span> <span class='ocrx_word' id='word_1_87' title='bbox 690 2281 819 2359; x_wconf 85' lang='lat' dir='ltr'><strong>diceret</strong></span> <span class='ocrx_word' id='word_1_88' title='bbox 843 2302 921 2359; x_wconf 87' lang='lat' dir='ltr'><strong>ante</strong></span> <span class='ocrx_word' id='word_1_89' title='bbox 946 2283 1051 2375; x_wconf 77' lang='lat' dir='ltr'><strong>deoS,</strong></span> 
     </span>
     <span class='ocr_line' id='line_1_16' title="bbox 182 2410 1137 2511; baseline 0.007 -29"><span class='ocrx_word' id='word_1_90' title='bbox 182 2410 387 2511; x_wconf 52' lang='lat' dir='ltr'><strong>&amp;Agricola</strong></span> <span class='ocrx_word' id='word_1_91' title='bbox 413 2431 447 2487; x_wconf 89' lang='lat' dir='ltr'><strong>et</strong></span> <span class='ocrx_word' id='word_1_92' title='bbox 469 2413 580 2487; x_wconf 89' lang='lat' dir='ltr'><strong>minio</strong></span> <span class='ocrx_word' id='word_1_93' title='bbox 605 2414 778 2504; x_wconf 81' lang='lat' dir='ltr'><strong>suffusus,</strong></span> <span class='ocrx_word' id='word_1_94' title='bbox 812 2414 967 2505; x_wconf 87' lang='lat' dir='ltr'><strong>Bacche,</strong></span> <span class='ocrx_word' id='word_1_95' title='bbox 1000 2415 1137 2489; x_wconf 89' lang='lat' dir='ltr'><strong>rubenti</strong></span> 
     </span>
     <span class='ocr_line' id='line_1_17' title="bbox 272 2541 1054 2645; baseline 0.006 -32"><span class='ocrx_word' id='word_1_96' title='bbox 272 2541 410 2616; x_wconf 83' lang='lat' dir='ltr'><strong>Primus</strong></span> <span class='ocrx_word' id='word_1_97' title='bbox 433 2544 609 2645; x_wconf 83' lang='lat' dir='ltr'><strong>inexperta</strong></span> <span class='ocrx_word' id='word_1_98' title='bbox 634 2544 732 2618; x_wconf 74' lang='lat' dir='ltr'><strong>(luxit</strong></span> <span class='ocrx_word' id='word_1_99' title='bbox 757 2545 801 2618; x_wconf 91' lang='lat' dir='ltr'><strong>ab</strong></span> <span class='ocrx_word' id='word_1_100' title='bbox 826 2564 896 2618; x_wconf 87' lang='lat' dir='ltr'><strong>arte</strong></span> <span class='ocrx_word' id='word_1_101' title='bbox 921 2543 1054 2618; x_wconf 89' lang='lat' dir='ltr'><strong>choros.</strong></span> 
     </span>
     <span class='ocr_line' id='line_1_18' title="bbox 226 2668 1167 2774; baseline 0.006 -33"><span class='ocrx_word' id='word_1_102' title='bbox 226 2668 316 2744; x_wconf 87' lang='lat' dir='ltr'><strong>Huic</strong></span> <span class='ocrx_word' id='word_1_103' title='bbox 343 2668 443 2745; x_wconf 88' lang='lat' dir='ltr'><strong>datus</strong></span> <span class='ocrx_word' id='word_1_104' title='bbox 467 2701 487 2746; x_wconf 86' lang='lat' dir='ltr'><strong>a</strong></span> <span class='ocrx_word' id='word_1_105' title='bbox 511 2672 634 2774; x_wconf 89' lang='lat' dir='ltr'><strong>pleno,</strong></span> <span class='ocrx_word' id='word_1_106' title='bbox 666 2672 887 2747; x_wconf 82' lang='lat' dir='ltr'><strong>memorabile</strong></span> <span class='ocrx_word' id='word_1_107' title='bbox 911 2701 1055 2763; x_wconf 89' lang='lat' dir='ltr'><strong>munus,</strong></span> <span class='ocrx_word' id='word_1_108' title='bbox 1089 2673 1167 2748; x_wconf 81' lang='lat' dir='ltr'><strong>ovili</strong></span> 
     </span>
     <span class='ocr_line' id='line_1_19' title="bbox 278 2799 1068 2902; baseline -0.003 -29"><span class='ocrx_word' id='word_1_109' title='bbox 278 2801 359 2874; x_wconf 83' lang='lat' dir='ltr'><strong>Dux</strong></span> <span class='ocrx_word' id='word_1_110' title='bbox 381 2802 513 2902; x_wconf 83' lang='lat' dir='ltr'><strong>pecoris</strong></span> <span class='ocrx_word' id='word_1_111' title='bbox 536 2802 655 2877; x_wconf 85' lang='lat' dir='ltr'><strong>hirrus</strong></span> <span class='ocrx_word' id='word_1_112' title='bbox 675 2818 815 2877; x_wconf 76' lang='lat' dir='ltr'><strong>auxerat</strong></span> <span class='ocrx_word' id='word_1_113' title='bbox 838 2799 955 2874; x_wconf 85' lang='lat' dir='ltr'><strong>hircus</strong></span> <span class='ocrx_word' id='word_1_114' title='bbox 980 2827 1068 2872; x_wconf 80' lang='lat' dir='ltr'><strong>oves.</strong></span> 
     </span>
     <span class='ocr_line' id='line_1_20' title="bbox 226 2930 1105 3034; baseline -0.005 -30"><span class='ocrx_word' id='word_1_115' title='bbox 226 2931 318 3006; x_wconf 85' lang='lat' dir='ltr'><strong>Rure</strong></span> <span class='ocrx_word' id='word_1_116' title='bbox 343 2959 432 3033; x_wconf 88' lang='lat' dir='ltr'><strong>puer</strong></span> <span class='ocrx_word' id='word_1_117' title='bbox 454 2961 560 3006; x_wconf 80' lang='lat' dir='ltr'><strong>verno</strong></span> <span class='ocrx_word' id='word_1_118' title='bbox 586 2934 735 3034; x_wconf 87' lang='lat' dir='ltr'><strong>primum</strong></span> <span class='ocrx_word' id='word_1_119' title='bbox 764 2931 807 3006; x_wconf 86' lang='lat' dir='ltr'><strong>de</strong></span> <span class='ocrx_word' id='word_1_120' title='bbox 832 2930 915 3004; x_wconf 89' lang='lat' dir='ltr'><strong>llore</strong></span> <span class='ocrx_word' id='word_1_121' title='bbox 943 2955 1105 3004; x_wconf 87' lang='lat' dir='ltr'><strong>coronam</strong></span> 
     </span>
     <span class='ocr_line' id='line_1_21' title="bbox 184 3059 973 3165; baseline 0.001 -35"><span class='ocrx_word' id='word_1_122' title='bbox 184 3077 222 3130; x_wconf 85' lang='lat'><strong>60</strong></span> <span class='ocrx_word' id='word_1_123' title='bbox 277 3061 374 3136; x_wconf 81' lang='lat' dir='ltr'><strong>Fecit</strong></span> <span class='ocrx_word' id='word_1_124' title='bbox 397 3080 431 3134; x_wconf 91' lang='lat' dir='ltr'><strong>et</strong></span> <span class='ocrx_word' id='word_1_125' title='bbox 456 3063 605 3164; x_wconf 83' lang='lat' dir='ltr'><strong>antiquis</strong></span> <span class='ocrx_word' id='word_1_126' title='bbox 631 3063 796 3165; x_wconf 87' lang='lat' dir='ltr'><strong>imposuit</strong></span> <span class='ocrx_word' id='word_1_127' title='bbox 817 3059 973 3135; x_wconf 88' lang='lat' dir='ltr'><strong>Laribus.</strong></span> 
     </span>
     <span class='ocr_line' id='line_1_22' title="bbox 229 3184 1095 3289; baseline -0.007 -24"><span class='ocrx_word' id='word_1_128' title='bbox 229 3194 322 3265; x_wconf 85' lang='lat' dir='ltr'><strong>Rure</strong></span> <span class='ocrx_word' id='word_1_129' title='bbox 346 3193 447 3265; x_wconf 89' lang='lat' dir='ltr'><strong>etiam</strong></span> <span class='ocrx_word' id='word_1_130' title='bbox 470 3194 596 3266; x_wconf 89' lang='lat' dir='ltr'><strong>teneris</strong></span> <span class='ocrx_word' id='word_1_131' title='bbox 621 3223 736 3267; x_wconf 87' lang='lat' dir='ltr'><strong>curam</strong></span> <span class='ocrx_word' id='word_1_132' title='bbox 760 3190 951 3265; x_wconf 86' lang='lat' dir='ltr'><strong>exhibitura</strong></span> <span class='ocrx_word' id='word_1_133' title='bbox 972 3184 1095 3289; x_wconf 86' lang='lat' dir='ltr'><strong>puellis</strong></span> 
     </span>
     <span class='ocr_line' id='line_1_23' title="bbox 276 3318 993 3422; baseline -0.004 -29"><span class='ocrx_word' id='word_1_134' title='bbox 276 3321 380 3396; x_wconf 83' lang='lat' dir='ltr'><strong>Molle</strong></span> <span class='ocrx_word' id='word_1_135' title='bbox 405 3322 493 3422; x_wconf 83' lang='lat' dir='ltr'><strong>gerit</strong></span> <span class='ocrx_word' id='word_1_136' title='bbox 518 3340 615 3422; x_wconf 79' lang='lat' dir='ltr'><strong>tergo</strong></span> <span class='ocrx_word' id='word_1_137' title='bbox 640 3322 757 3398; x_wconf 87' lang='lat' dir='ltr'><strong>lucida</strong></span> <span class='ocrx_word' id='word_1_138' title='bbox 782 3321 887 3401; x_wconf 82' lang='lat' dir='ltr'><strong>vellus</strong></span> <span class='ocrx_word' id='word_1_139' title='bbox 912 3318 993 3397; x_wconf 76' lang='lat' dir='ltr'><strong>ovio.</strong></span> 
     </span>
    </p>
   </div>
   <div class='ocr_carea' id='block_1_5' title="bbox 185 3593 1211 3761">
    <p class='ocr_par' dir='ltr' id='par_1_6' title="bbox 185 3593 1211 3761">
     <span class='ocr_line' id='line_1_24' title="bbox 257 3593 1211 3677; baseline -0.014 -19"><span class='ocrx_word' id='word_1_140' title='bbox 257 3607 289 3660; x_wconf 86' lang='lat' dir='ltr'><strong>V.</strong></span> <span class='ocrx_word' id='word_1_141' title='bbox 302 3609 346 3659; x_wconf 78' lang='grc'><strong>11.</strong></span> <span class='ocrx_word' id='word_1_142' title='bbox 376 3609 479 3677; x_wconf 81' lang='lat' dir='ltr'><strong>primi</strong></span> <span class='ocrx_word' id='word_1_143' title='bbox 507 3608 566 3661; x_wconf 81' lang='lat' dir='ltr'><strong>ttbrt</strong></span> <span class='ocrx_word' id='word_1_144' title='bbox 592 3610 692 3676; x_wconf 81' lang='lat' dir='ltr'><strong>optlml.</strong></span> <span class='ocrx_word' id='word_1_145' title='bbox 710 3634 745 3648; x_wconf 92' lang='lat'><strong>-·</strong></span> <span class='ocrx_word' id='word_1_146' title='bbox 792 3605 859 3659; x_wconf 80' lang='lat' dir='ltr'><strong>Mox</strong></span> <span class='ocrx_word' id='word_1_147' title='bbox 886 3596 1017 3653; x_wconf 78' lang='lat' dir='ltr'><strong>domuisse</strong></span> <span class='ocrx_word' id='word_1_148' title='bbox 1042 3625 1073 3638; x_wconf 88' lang='lat'>-</span> <span class='ocrx_word' id='word_1_149' title='bbox 1100 3593 1211 3649; x_wconf 75' lang='lat' dir='ltr'><strong>servitio</strong></span> 
     </span>
     <span class='ocr_line' id='line_1_25' title="bbox 185 3702 778 3761; baseline 0.003 -6"><span class='ocrx_word' id='word_1_150' title='bbox 185 3705 241 3757; x_wconf 78' lang='lat' dir='ltr'><strong>stoa</strong></span> <span class='ocrx_word' id='word_1_151' title='bbox 258 3702 352 3758; x_wconf 75' lang='lat' dir='ltr'><strong>tdoneu</strong></span> <span class='ocrx_word' id='word_1_152' title='bbox 372 3720 451 3759; x_wconf 72' lang='lat' dir='ltr'><strong>masa</strong></span> <span class='ocrx_word' id='word_1_153' title='bbox 469 3709 583 3761; x_wconf 77' lang='lat' dir='ltr'><strong>Vossius</strong></span> <span class='ocrx_word' id='word_1_154' title='bbox 600 3713 629 3761; x_wconf 89' lang='lat' dir='ltr'><strong>et</strong></span> <span class='ocrx_word' id='word_1_155' title='bbox 646 3707 778 3761; x_wconf 68' lang='lat' dir='ltr'><strong>uramus.</strong></span> 
     </span>
    </p>
   </div>
   <div class='ocr_carea' id='block_1_6' title="bbox 184 3819 1215 4183">
    <p class='ocr_par' dir='ltr' id='par_1_7' title="bbox 184 3819 1215 4183">
     <span class='ocr_line' id='line_1_26' title="bbox 257 3819 1211 3903; baseline -0.017 -17"><span class='ocrx_word' id='word_1_156' title='bbox 257 3833 290 3887; x_wconf 86' lang='lat' dir='ltr'><strong>V.</strong></span> <span class='ocrx_word' id='word_1_157' title='bbox 298 3838 344 3887; x_wconf 79' lang='lat'><strong>58.</strong></span> <span class='ocrx_word' id='word_1_158' title='bbox 359 3833 460 3887; x_wconf 80' lang='lat' dir='ltr'><strong>Versus</strong></span> <span class='ocrx_word' id='word_1_159' title='bbox 473 3840 620 3903; x_wconf 82' lang='lat' dir='ltr'><strong>corruptus.</strong></span> <span class='ocrx_word' id='word_1_160' title='bbox 649 3836 720 3887; x_wconf 76' lang='lat' dir='ltr'><strong>Seue</strong></span> <span class='ocrx_word' id='word_1_161' title='bbox 731 3831 850 3887; x_wconf 82' lang='lat' dir='ltr'><strong>videntur</strong></span> <span class='ocrx_word' id='word_1_162' title='bbox 862 3827 954 3881; x_wconf 73' lang='lat' dir='ltr'><strong>verbor</strong></span> <span class='ocrx_word' id='word_1_163' title='bbox 973 3827 1045 3879; x_wconf 87' lang='lat' dir='ltr'><strong>Dux</strong></span> <span class='ocrx_word' id='word_1_164' title='bbox 1064 3819 1211 3891; x_wconf 81' lang='lat' dir='ltr'><strong>peeoris,</strong></span> 
     </span>
     <span class='ocr_line' id='line_1_27' title="bbox 187 3917 1212 4002; baseline -0.013 -20"><span class='ocrx_word' id='word_1_165' title='bbox 187 3931 280 3983; x_wconf 77' lang='lat' dir='ltr'><strong>minim</strong></span> <span class='ocrx_word' id='word_1_166' title='bbox 303 3933 408 3986; x_wconf 82' lang='lat' dir='ltr'><strong>verosi</strong></span> <span class='ocrx_word' id='word_1_167' title='bbox 430 3949 482 3985; x_wconf 88' lang='lat' dir='ltr'><strong>nou</strong></span> <span class='ocrx_word' id='word_1_168' title='bbox 501 3934 606 4002; x_wconf 81' lang='lat' dir='ltr'><strong>seripslt</strong></span> <span class='ocrx_word' id='word_1_169' title='bbox 624 3939 703 4002; x_wconf 76' lang='lat' dir='ltr'><strong>poeto</strong></span> <span class='ocrx_word' id='word_1_170' title='bbox 721 3931 778 3982; x_wconf 81' lang='lat' dir='ltr'><strong>dux</strong></span> <span class='ocrx_word' id='word_1_171' title='bbox 802 3930 896 3980; x_wconf 76' lang='lat' dir='ltr'><strong>hircus</strong></span> <span class='ocrx_word' id='word_1_172' title='bbox 917 3924 1029 3995; x_wconf 73' lang='lat' dir='ltr'><strong>peeoris.</strong></span> <span class='ocrx_word' id='word_1_173' title='bbox 1065 3921 1134 3974; x_wconf 87' lang='lat' dir='ltr'><strong>Tam</strong></span> <span class='ocrx_word' id='word_1_174' title='bbox 1152 3917 1212 3971; x_wconf 80' lang='lat' dir='ltr'><strong>libri</strong></span> 
     </span>
     <span class='ocr_line' id='line_1_28' title="bbox 184 4016 1215 4099; baseline -0.012 -17"><span class='ocrx_word' id='word_1_175' title='bbox 184 4039 352 4097; x_wconf 78' lang='lat' dir='ltr'><strong>auxerat,</strong></span> <span class='ocrx_word' id='word_1_176' title='bbox 372 4032 526 4097; x_wconf 73' lang='lat' dir='ltr'><strong>hauserat,</strong></span> <span class='ocrx_word' id='word_1_177' title='bbox 543 4032 690 4095; x_wconf 78' lang='lat' dir='ltr'><strong>hauserat,</strong></span> <span class='ocrx_word' id='word_1_178' title='bbox 708 4046 756 4099; x_wconf 90' lang='lat' dir='ltr'><strong>pro</strong></span> <span class='ocrx_word' id='word_1_179' title='bbox 772 4046 825 4097; x_wconf 86' lang='lat' dir='ltr'><strong>quo</strong></span> <span class='ocrx_word' id='word_1_180' title='bbox 840 4030 919 4095; x_wconf 76' lang='lat' dir='ltr'><strong>vulgo</strong></span> <span class='ocrx_word' id='word_1_181' title='bbox 937 4025 1053 4077; x_wconf 79' lang='lat' dir='ltr'><strong>duxerat</strong></span> <span class='ocrx_word' id='word_1_182' title='bbox 1071 4020 1167 4090; x_wconf 68' lang='lat' dir='ltr'><strong>legitur</strong></span> <span class='ocrx_word' id='word_1_183' title='bbox 1180 4016 1215 4072; x_wconf 86' lang='lat' dir='ltr'><strong>de</strong></span> 
     </span>
     <span class='ocr_line' id='line_1_29' title="bbox 184 4129 485 4183; baseline 0.003 -1"><span class='ocrx_word' id='word_1_184' title='bbox 184 4129 336 4183; x_wconf 66' lang='lat' dir='ltr'><strong>rualedum</strong></span> <span class='ocrx_word' id='word_1_185' title='bbox 358 4130 485 4183; x_wconf 73' lang='lat' dir='ltr'><strong>Mutum.</strong></span> 
     </span>
    </p>
   </div>
   <div class='ocr_carea' id='block_1_7' title="bbox 0 0 1521 4725">
    <p class='ocr_par' dir='ltr' id='par_1_8' title="bbox 0 0 1521 4725">
     <span class='ocr_line' id='line_1_30' title="bbox 0 0 1521 4725; baseline 0 0"><span class='ocrx_word' id='word_1_186' title='bbox 0 0 1521 4725; x_wconf 95' lang='lat' dir='ltr'><strong> </strong></span> 
     </span>
    </p>
   </div>
  </div>
 </body>
</html>
