3009 4725
467 447 472 452 ·
531 415 641 478 LIBR.
664 417 688 478 1.
731 417 853 482 ELEG.
876 423 916 481 V.
1169 435 1228 491 11⁷

209 590 285 643 dixit
321 588 412 644 doure
435 586 511 639 coice
529 601 619 640 rerum
644 586 686 641 iet
710 589 814 641 iuret.
851 588 974 644 Geram
991 591 1025 644 ad
1047 590 1114 647 benc
1132 600 1227 663 peuta-

209 694 320 743 metrnm
338 685 442 740 distichi
459 686 593 741 confertur
609 689 770 744 Marullus
788 690 851 744 illud
868 691 941 758 xiv,
959 698 1029 748 19³³
1053 695 1129 748 Usail
1146 712 1224 748 ama-

208 796 291 840 torem
310 784 431 837 Nerusii
448 783 553 837 lascivo
572 783 723 853 Tibullum,
747 787 777 839 in
801 797 862 841 loro
886 789 957 841 iuvit
982 809 1058 863 quem
1081 792 1152 845 nibil
1167 812 1224 847 erae

207 884 290 938 domo.
326 885 492 938 Summos
509 899 573 937 vero
590 884 677 938 attulit
693 885 797 940 duros.
815 887 920 941 Parent
939 888 1012 955 xlx,
1030 893 1063 942 8:
1081 891 1161 960 Quod
1174 909 1223 963 ge-

207 994 277 1037 reret
296 993 385 1036 lolam
398 980 507 1052 semino
531 981 590 1033 sola
609 981 722 1034 domum.
745 1010 781 1025 -
812 985 844 1038 V.
862 988 967 1055 iitrqq.
1003 988 1160 1056 Denique
1183 990 1224 1043 de

206 1081 457 1152 hospitalitate
490 1079 587 1133 dicit
614 1107 651 1121 -
686 1080 761 1133 Huc
791 1084 909 1136 reniet
941 1085 1087 1140 Messala
1118 1103 1220 1141 meur.

208 1183 280 1236 care
297 1183 390 1234 vanior
413 1180 594 1248 corrigendum
612 1187 704 1250 putea3
732 1184 908 1237 coniunctiroa
926 1185 959 1237 de
976 1187 1009 1239 iis
1026 1190 1128 1256 posuit,
1154 1205 1222 1257 qaae

207 1284 308 1336 Deliam
333 1282 459 1336 iacturam
483 1283 645 1350 opinabatur.
664 1310 698 1322 -
727 1285 783 1336 eui
808 1284 986 1352 detrabat,
1013 1285 1037 1342 b.
1055 1305 1079 1342 e.
1097 1290 1140 1342 eui
1161 1296 1223 1344 tnnc

206 1380 332 1436 detrabat
376 1381 513 1437 Notandur
539 1379 580 1434 bic
605 1395 667 1433 usus
691 1384 850 1450 pronominis
874 1385 975 1438 relativi
998 1386 1122 1454 simplicia
1139 1390 1165 1440 in
1184 1404 1222 1453 re,

206 1499 273 1551 quae
290 1483 414 1555 sequitur
433 1484 557 1549 aiteram,
583 1484 695 1537 muime
713 1486 846 1554 poeticum
874 1501 1009 1540 nervosam
1027 1487 1095 1540 euim
1113 1489 1220 1556 copula-

206 1585 304 1637 tionem
321 1583 406 1638 hebet
441 1585 496 1639 Sed
514 1586 593 1639 etiam
610 1585 645 1639 de
661 1601 691 1639 re
709 1602 786 1653 qoem
805 1602 872 1640 nune
890 1593 986 1641 tractat
1004 1594 1096 1656 poeta,
1123 1587 1157 1640 de
1175 1603 1220 1640 re·

206 1684 339 1737 aeretioue
366 1683 510 1751 iieaaaiae,
538 1683 695 1739 mouendum
720 1692 762 1738 est
788 1685 875 1739 verbo.
920 1686 1025 1740 Etenim
1050 1686 1223 1740 venerabatur

207 1783 326 1836 Tibrim
344 1784 483 1837 Measaiaro
501 1792 530 1838 ut
547 1800 616 1849 enm,
634 1785 709 1838 cuins
722 1786 869 1853 patrocinio
886 1785 991 1854 praedii,
1010 1786 1081 1853 qnod
1091 1779 1221 1849 restabat,

209 1884 427 1937 consen-ationem
453 1883 573 1947 deberet,
601 1884 636 1937 ob
662 1899 737 1953 quam
764 1899 867 1937 musam
895 1884 972 1937 οῑίαω
989 1884 1055 1937 inira
1079 1885 1113 1951 11,
1134 1888 1220 1948 1,111.

208 1983 299 2036 laudes
323 1982 381 2036 huic
405 1984 461 2037 viro
487 1982 621 2037 habentur.
665 1984 756 2040 Quare
780 1998 849 2036 nunc
873 1983 899 2035 iu
923 1989 1011 2051 partes
1033 1981 1220 2034 iucunditatem

204 2082 358 2134 rusticarum
376 2083 463 2135 venire
480 2081 575 2147 debet,
601 2081 647 2135 nbi
664 2081 772 2135 redierit
788 2096 821 2135 ex
840 2083 949 2135 Oriente
966 2082 1128 2150 composito3
1153 2081 1220 2134 offe·

204 2186 292 2234 reulur
305 2183 330 2234 ei
343 2181 442 2234 imerus
455 2188 483 2234 et
497 2182 591 2249 epotam
605 2196 621 2232 a
637 2179 740 2233 domina
754 2180 852 2249 praedii
864 2181 947 2247 Delia,
963 2193 1100 2247 quaecum
1113 2179 1220 2230 Tibullo

203 2281 329 2348 gaudebit
351 2297 444 2335 curare
468 2287 496 2335 et
519 2282 606 2335 coiere
624 2281 816 2335 meritissimum
835 2289 980 2351 patronum.
1018 2281 1064 2334 Sic
1081 2278 1222 2333 absolvitur

205 2382 313 2452 putebre
331 2384 477 2450 felicitatis,
502 2399 581 2451 quam
597 2383 788 2451 imaginabatur
806 2390 900 2454 poeta,
927 2384 1075 2455 descriptio.
1118 2381 1219 2451 Nempe

206 2483 272 2537 dixit
289 2487 399 2553 primum
416 2486 450 2537 de
468 2487 580 2553 negotiis
597 2487 702 2538 rusticis
719 2485 820 2551 Deliae,
845 2493 899 2539 tum
917 2487 951 2538 de
969 2486 1049 2540 sacris
1068 2484 1153 2549 rebus,
1172 2482 1220 2534 de·

207 2583 285 2665 nique
309 2583 343 2635 de
367 2582 547 2653 hospitalitatis
569 2592 597 2639 et
620 2587 748 2640 amicitiae
772 2587 920 2640 muneribus
944 2587 1077 2651 incendia,
1105 2592 1134 2638 ut
1151 2585 1219 2636 rotet

205 2696 286 2751 rrepe
310 2683 387 2735 etium
405 2683 468 2736 ulier
485 2683 573 2736 tribue
591 2684 728 2737 momentis
745 2683 889 2737 secundum
906 2683 1094 2753 gradationem
1110 2683 1220 2736 ordino·

205 2779 244 2833 ris
270 2783 408 2851 complecti
437 2786 567 2853 poeticas*
581 2784 769 2855 descriptiones
795 2799 865 2837 suaa.
912 2782 941 2834 in
973 2783 1141 2836 antecedente
1170 2784 1219 2837 de-

203 2883 344 2951 reriptiooe
376 2885 426 2937 tria
452 2884 563 2937 disticha
591 2886 654 2937 talia
682 2885 805 2950 vidimus,
843 2898 911 2936 nunc
937 2888 997 2933 runt
1023 2880 1134 2933 maiores
1161 2882 1220 2935 ioci.

204 2982 270 3036 Vide
295 2985 370 3052 plura
393 2984 426 3036 de
446 2983 495 3037 irae
518 2998 548 3037 re
567 2986 696 3053 explicata
718 2985 745 3037 in
770 2983 956 3036 Dissertatione
973 2979 1008 3031 de
1025 2978 1103 3030 Poesl
1121 2977 1220 3030 Tibulli

203 3098 260 3151 cap.
272 3085 307 3139 11.
319 3111 353 3125 -
372 3086 405 3139 V.
416 3089 501 3152 resq.
520 3093 699 3151 venerata,
717 3084 742 3139 ir.
756 3102 780 3138 e.
798 3098 923 3138 venerans
940 3088 970 3135 ut
987 3082 1034 3147 lli,
1052 3082 1078 3145 4,
1095 3081 1139 3131 47.
1157 3085 1219 3131 uoto

204 3197 263 3238 usu.
298 3185 423 3239 Similiter
447 3195 560 3254 operato
583 3188 770 3255 li‚1,e.eo.
798 3190 826 3253 u,
842 3190 886 3239 95.
911 3191 941 3238 nt
966 3185 1049 3236 Orru.
1074 3180 1141 3233 Met·
1160 3178 1220 3245 vll,

205 3283 268 3334 ted.
305 3283 391 3336 Vno·
414 3286 516 3352 Θεοῖς.
539 3284 561 3350 Ι,
586 3288 650 3339 ree.
676 3284 829 3337 vaticinata
857 3284 939 3337 (irre.
966 3278 1076 3334 Heroid·
1101 3278 1133 3343 V,
1159 3281 1218 3331 114.

204 3378 447 3435 remaneremus
472 3384 551 3436 etiam
577 3384 738 3436 Gronoviom
761 3382 849 3435 laudat
873 3381 906 3433 ad
923 3380 1008 3433 Tacit
1026 3376 1218 3443 nnu.111,4a.

203 3478 317 3533 Notabis
342 3495 420 3548 porro
445 3483 569 3535 venerari
592 3483 643 3537 hoe
669 3485 726 3536 ioco
744 3482 778 3535 de
797 3481 898 3545 cilicio,
922 3480 1038 3533 officiosa
1057 3477 1221 3531 obseruantia

202 3578 229 3631 io
247 3577 376 3649 hospitem
395 3586 423 3634 et
439 3583 550 3635 arnleuur
568 3568 680 3647 dictum,
699 3587 820 3634 monente
838 3580 917 3632 etiam
933 3578 1057 3633 Hermo.
1075 3606 1111 3618 -
1133 3577 1220 3631 bunc

201 3679 321 3733 redula
340 3688 449 3733 curet.
487 3682 525 3735 De
543 3688 626 3735 metro
644 3682 759 3735 Vossius
776 3678 877 3732 coniert
894 3681 967 3746 virg.
986 3678 1086 3745 Georg.
1100 3677 1148 3741 111,
1160 3682 1220 3729 1511.

203 3776 268 3831 Aeu.
287 3779 309 3845 l,
329 3783 372 3833 id.
400 3781 643 3834 Wureuerucnrue
667 3779 757 3831 lnreu.
776 3777 811 3842 ll,
830 3780 874 3828 26.
899 3778 945 3843 lii,
963 3782 1007 3830 ¹10.
1043 3774 1118 3828 Adde
1135 3777 1221 3827 Vrec.

204 3872 299 3943 Eclog.
317 3878 366 3944 111,
384 3882 411 3944 d,
430 3882 474 3932 bd·
498 3886 526 3933 et
549 3881 599 3933 alia
623 3879 701 3930 allata
725 3877 759 3928 ab
786 3876 930 3928 Huscrrrro
954 3877 1022 3929 inira
1046 3874 1077 3927 ad
1096 3873 1130 3937 11,
1148 3876 1175 3939 2,
1192 3878 1221 3927 ⁶.

205 3974 277 4029 Nota
287 3992 329 4030 rer
339 3986 387 4032 eat
406 3981 530 4035 Ceterum
545 3981 637 4033 curari
651 3979 767 4048 hospites
781 3977 939 4042 dicebantur,
952 3975 986 4029 ci.
997 3976 1102 4028 Perua.
1111 3973 1221 4026 Poeuui.

202 4073 251 4140 lii,
268 4079 296 4141 8,
313 4080 366 4128 80:
385 4081 445 4151 Ego
461 4078 493 4130 id
508 4096 608 4152 quaero
621 4078 775 4149 hospitium,
795 4075 842 4130 ubi
858 4094 908 4148 ego
925 4092 1002 4127 curer
1019 4070 1133 4126 mollius.
1152 4072 1221 4125 ndo·

202 4173 286 4229 Orrn.
307 4175 416 4233 Heroid.
436 4178 509 4245 XVi,
527 4182 588 4232 tiit.
624 4176 675 4231 Est
698 4181 769 4232 enim
794 4177 899 4231 verbum
923 4189 1027 4230 mensae
1052 4180 1080 4228 et
1103 4174 1222 4237 convivii,
