3009 4725
318 322 381 376 298
554 314 838 382 CObllllENTAR.
857 316 905 384 IN
926 316 1103 386 TIBULLI

319 487 387 541 Tum
406 487 543 543 disertiora
562 489 736 558 explicatione
755 490 828 545 addit
850 508 918 561 quae
935 493 1044 549 deerant
1067 494 1274 569 (Ausmabiung
1293 500 1338 552 des

319 590 500 656 Genriibldes).
537 590 596 643 Huc
613 590 698 643 torma
713 590 896 660 descriptionis
914 609 966 646 uon
983 609 1043 647 raro
1057 599 1164 647 utuntur
1181 600 1291 652 veteres.
1302 625 1337 640 -

318 687 351 740 V.
373 692 422 741 lul
443 705 501 756 sqq.
537 690 675 744 Postremo
694 691 727 744 de
744 694 875 745 ausoribus
894 693 971 759 dicit,
998 710 1107 762 quorum
1129 695 1228 747 mentio
1246 695 1278 747 ab
1297 697 1336 751 bis

317 789 420 842 rusticis
446 790 523 844 rebus
548 791 640 845 abesse
667 807 718 846 non
751 801 863 863 poterat·
887 821 923 834 -
961 794 1104 860 lugeret
1136 793 1333 848 maledicta.

316 889 413 941 Amans
437 890 557 944 Tibullus
581 895 722 960 agrestium
745 894 876 948 homiuum
900 895 1062 961 incorruptos
1086 907 1135 944 uec
1160 893 1331 959 effeminatos,

316 989 366 1040 etsi
385 991 469 1042 minus
488 992 597 1059 politos,
615 1008 701 1045 mores
717 992 820 1059 saepius
838 991 871 1041 de
888 988 983 1041 talibus
1000 987 1064 1041 rixis
1082 989 1163 1054 dicit,
1189 990 1225 1044 cl.
1245 989 1267 1055 l,
1287 994 1331 1056 to,

315 1089 351 1139 ⁶³
370 1102 427 1155 sqq.
464 1091 586 1143 Ceterum
604 1091 722 1160 ingerere
745 1088 878 1156 proprium
902 1087 935 1140 de
953 1088 1029 1140 melis
1047 1089 1149 1154 verbis,
1171 1093 1202 1140 ut
1222 1094 1334 1155 constat,

315 1186 375 1239 vide
394 1188 571 1254 lineamina,
589 1190 632 1256 qui
653 1204 676 1240 r·
689 1204 713 1242 c.
732 1189 839 1245 Pneun.
852 1189 924 1242 Asin.
937 1187 971 1254 V,
983 1191 1010 1252 b,
1023 1193 1067 1241 11.
1086 1187 1198 1240 Housn.
1212 1188 1296 1241 Serus.
1312 1187 1332 1253 l,

313 1289 341 1351 ⁶,
362 1291 403 1341 11.
424 1289 508 1340 affert.
526 1315 561 1326 -
582 1287 678 1340 ierus
696 1288 759 1341 ille
778 1303 874 1353 sune,
891 1287 936 1354 qui
953 1301 1021 1339 onoc
1041 1286 1112 1338 serus
1131 1292 1243 1351 amatae,
1263 1285 1331 1338 idem

313 1386 407 1441 deiude
424 1388 526 1441 sobrius
537 1388 664 1456 plorabit.
702 1388 774 1440 Male
787 1389 1036 1441 Wnuuuumuuus
1054 1383 1170 1454 plorabit
1191 1400 1257 1435 suae
1274 1385 1332 1436 inn-

313 1489 353 1555 git
368 1488 393 1540 iu
411 1488 579 1541 annotatione
598 1488 631 1541 ad
650 1489 698 1553 lll,
716 1494 742 1555 6,
759 1492 803 1541 to.
821 1517 858 1528 —
885 1493 996 1541 mente
1015 1486 1246 1548 mulcimine,
1266 1483 1331 1536 lae.

312 1590 439 1653 insanum,
457 1588 596 1641 vecordem
614 1588 705 1642 luisse.
740 1587 791 1640 Est
809 1587 928 1653 turmula,
946 1602 997 1654 qun
1015 1586 1116 1639 reniam
1135 1590 1253 1655 petentes
1273 1592 1331 1637 ute-

311 1691 413 1743 bantur.
450 1688 606 1742 observavit
632 1688 724 1740 Doara
742 1686 896 1740 Praecidan.
916 1702 938 1738 o.
957 1690 983 1737 8.
1010 1684 1116 1738 laudans
1140 1686 1273 1736 Sursum
1298 1682 1331 1735 de

313 1789 406 1842 iteres.
421 1789 467 1853 tlt,
480 1793 531 1842 ut:
550 1785 646 1857 Rufus
664 1786 707 1837 uir
724 1784 825 1837 ordinis
841 1784 972 1836 senatorii
988 1784 1075 1836 iocum
1094 1782 1226 1855 quendam
1243 1781 1331 1834 ebrius

307 1887 464 1957 protulerat
488 1887 518 1938 in
540 1885 655 1937 reditum
680 1883 813 1955 Augusti.
854 1885 926 1935 Usus
947 1892 1044 1953 postea
1068 1881 1177 1933 consiliu
1193 1881 1264 1932 servi
1284 1880 1330 1930 de-

312 1986 450 2040 scendenti
466 1985 577 2038 Caesari
599 1984 732 2041 occurrit,
759 1991 786 2033 et
813 2001 873 2034 cum
896 1980 995 2033 sualane
1019 1989 1129 2032 mentem
1154 1977 1280 2030 habuisse
1302 1996 1330 2030 ae

307 2088 397 2156 pridie
413 2088 539 2142 iurasset,
555 2085 586 2135 id
602 2085 680 2137 utin
698 2102 725 2135 se
742 2093 770 2134 et
781 2083 860 2152 filios
878 2099 941 2135 suos
960 2080 1088 2133 recideret
1103 2079 1219 2150 optauit.
1255 2080 1328 2131 Dou-

311 2204 361 2241 ssu
388 2188 561 2256 explicatione
590 2186 630 2239 usl
662 2192 722 2238 sum
756 2186 986 2249 assummum,
1019 2184 1160 2246 Veneres,
1190 2180 1328 2244 Hermus,

312 2290 566 2353 Wunununrcurus,
584 2289 766 2340 Gonneanus.
784 2312 820 2327 -
838 2286 870 2339 V.
891 2289 940 2337 ros
958 2299 1016 2350 sqq.
1041 2281 1188 2336 Transitnrn
1206 2283 1278 2347 parat
1294 2278 1327 2329 ed

311 2403 372 2441 snos
391 2388 472 2455 ipsius
493 2390 618 2451 Amores,
645 2385 715 2451 quod
734 2387 764 2438 tit
782 2400 829 2455 per
847 2385 983 2451 generales
1001 2384 1150 2437 sententies.
1185 2380 1329 2449 Abruptum

270 2512 275 2520 ·
309 2491 469 2553 orationem,
486 2503 562 2555 quam
583 2487 715 2541 bleranus
734 2487 813 2554 dicit,
831 2501 882 2538 non
900 2486 984 2539 rideo.
1004 2511 1040 2528 -·
1066 2486 1156 2539 Pace
1180 2488 1252 2548 tun,
1271 2497 1331 2535 curn

309 2605 397 2643 ereum
417 2596 445 2643 et
461 2592 571 2657 sagittas
592 2591 671 2642 etiam
690 2588 813 2643 Pboebus
832 2595 926 2655 gestet.
946 2610 983 2633 -κ
1006 2588 1106 2641 dedit
1123 2586 1258 2652 malum,
1283 2600 1331 2637 uo-

309 2693 372 2743 cuit.
410 2689 519 2742 Confert
545 2690 668 2743 Vnnrrnt
694 2688 802 2740 Terent·
828 2687 1079 2754 tudr.1,1‚1rs=
1108 2687 1180 2738 Num
1204 2684 1229 2737 ei
1252 2681 1329 2733 illum

267 2796 269 2805 ’
312 2788 451 2861 obiurges,
476 2788 550 2839 virae
569 2789 616 2860 qui
634 2788 769 2839 auxilium
788 2788 870 2846 rulir,
890 2788 964 2859 Quiri
975 2787 1072 2860 facian
1090 2786 1143 2843 illi,
1163 2785 1210 2858 qui
1229 2783 1331 2836 dederit

310 2888 436 2939 duranum
458 2897 509 2939 aur
535 2886 650 2943 malum,
676 2892 703 2938 ct
721 2884 785 2937 illud
810 2902 825 2938 e
851 2886 1040 2940 Tenunnrnno
1059 2886 1163 2939 Manno
1186 2884 1219 2936 de
1237 2882 1330 2936 Metuis

308 2992 386 3044 eliam
413 2990 447 3042 ab
473 2989 575 3055 Heyuio
600 2988 720 3040 allatum:
745 2988 783 3038 Et
802 2987 906 3039 Naevio
928 2996 1025 3057 poetas
1050 2989 1115 3039 Cum
1134 3002 1213 3055 saepe
1238 2982 1328 3035 laede·

308 3100 404 3141 rentur
421 3088 536 3140 Dabunt
553 3085 652 3138 malurn
670 3085 785 3147 Metelli.
803 3118 838 3128 -
867 3089 899 3142 V.
921 3092 972 3141 109
991 3105 1047 3156 sqq.
1077 3089 1177 3142 foveo
1201 3087 1328 3151 morbo,

308 3191 440 3259 indulgeo.
477 3190 619 3244 (lauterunt
637 3189 762 3244 Vunarus
781 3196 808 3242 et
825 3190 958 3244 Herulus
975 3190 1052 3244 Ouid.
1070 3194 1170 3244 Aurorr.
1184 3189 1219 3255 ll,
1235 3193 1261 3253 ⁵,
1279 3190 1330 3239 ll:

302 3288 416 3358 ferreus
433 3300 474 3342 est
491 3289 654 3360 &mauroque
678 3307 729 3340 nuo
749 3286 834 3359 favet
858 3286 904 3338 itte
929 3288 1030 3347 dolori,
1058 3289 1104 3340 cui
1124 3289 1231 3358 petitur
1256 3287 1329 3340 victa

304 3386 399 3457 palma
425 3401 538 3441 eruenta
562 3408 617 3443 rau.
654 3389 690 3442 Et
715 3390 793 3444 habet
819 3391 896 3442 etlnnn
914 3391 966 3442 alls
983 3390 1065 3443 mults
1084 3391 1222 3453 Vnnrrns,
1250 3386 1329 3439 veluti

308 3488 378 3555 quod
396 3488 540 3543 annuun.
559 3491 591 3545 D.
610 3491 631 3544 L
651 3492 667 3544 l.
687 3493 709 3544 Ι.
728 3509 751 3546 u
767 3495 792 3545 1.
811 3492 887 3545 dicits
914 3490 1033 3542 Scientes
1051 3488 1130 3541 malis
1147 3488 1205 3540 suis
1221 3486 1330 3558 fauent.

308 3586 376 3640 l'ide
400 3588 479 3640 etiam
503 3589 775 3643 tdrnsaunnnnuurnu
800 3588 833 3642 ad
858 3589 950 3642 Horat.
969 3588 991 3655 Ι,
1009 3593 1055 3656 nt,
1074 3591 1116 3640 ll.
1143 3587 1187 3652 qui
1213 3584 1331 3636 Hessos.

296 3683 446 3758 Ἒ17·5θθ
473 3682 513 3737 ἰὼ
536 3681 615 3738 “²⁸37
639 3683 788 3769 ἅμφαγαιῑᾷ
813 3694 954 3757 comperet.
998 3687 1052 3741 Sed
1077 3685 1237 3740 constructio
1260 3680 1331 3750 apud

307 3788 440 3841 Tibullum
465 3786 551 3840 dubia.
588 3788 675 3855 Vulgo
697 3789 798 3856 virgula
818 3791 921 3856 ponitur
944 3792 1004 3854 post
1028 3788 1222 3854 praecipue
1245 3788 1273 3835 ct
1291 3797 1332 3850 pr.

307 3905 378 3942 cum
397 3892 423 3942 iu
442 3896 605 3957 pentametro
623 3906 682 3942 cum
695 3891 868 3943 Psssnnlnno
885 3888 1007 3941 scribitur
1022 3895 1088 3943 tuus,
1108 3885 1158 3939 boc
1172 3900 1250 3938 sensu
1265 3884 1329 3936 loci:

307 3989 360 4053 „Et
386 3989 447 4043 mibi
473 3992 613 4060 praecipue
637 3991 711 4044 dedit
733 3992 844 4055 malum,
868 4004 926 4043 cum
955 3989 1059 4041 saucius
1082 4004 1177 4041 anunm
1204 3987 1278 4040 isaeo
1304 3992 1332 4037 et

307 4092 349 4142 alo
368 4090 502 4157 morbum,
521 4100 573 4146 turn
593 4094 664 4146 iurat
683 4095 738 4161 ipse
758 4090 846 4145 dolor!
886 4091 974 4158 Usque
993 4104 1058 4145 cauo
1078 4090 1239 4144 Nemesior.“
1275 4085 1330 4140 sed
