3009 4725
371 375 433 433 aot
614 368 896 439 COMMENTAPa
916 375 964 441 lN
984 375 1157 445 TlBllLLl

371 562 434 600 vcro
451 547 537 600 aliena
555 561 622 601 eaae.
660 544 753 615 Neque
772 555 859 605 tamen
878 553 938 606 eliel
955 554 1095 623 quidquam
1113 555 1199 621 debet,
1215 555 1264 609 aed
1278 558 1393 625 Lygda-

369 661 427 700 mua
452 645 570 715 peccarit
595 649 624 697 ut
648 647 734 699 totier.
782 649 915 706 ilerum·
940 655 985 721 qul
1009 659 1091 708 totum
1116 656 1201 707 locum
1225 669 1249 706 v.
1267 660 1295 707 2.
1313 664 1341 709 ct
1362 662 1390 708 3.

370 749 495 800 iuuenum
512 747 591 813 dicit,
614 753 694 815 alque
711 750 746 801 iae
766 751 865 818 iungit:
897 752 950 806 Vua
968 761 1042 804 tenet
1058 752 1183 804 Etruscis
1199 762 1295 802 manat
1314 771 1391 823 quae

363 843 493 917 fontibus
508 843 591 904 undo,
609 847 684 898 Dum
701 864 730 900 ae
741 865 878 918 purpureo
891 867 953 903 vere
969 849 1082 901 remittit
1096 849 1187 906 huma,
1204 864 1253 900 non
1266 852 1391 904 animad-

375 945 453 996 vertit
469 945 565 997 iterum
582 946 696 998 ieiunum
714 952 741 999 et
760 949 835 1016 plane
852 949 966 1000 inutilem
985 952 1169 1012 pentametrum
1188 943 1284 1010 iuberi,
1302 964 1389 1013 prae-

368 1048 439 1094 terea
458 1056 521 1093 rero
539 1057 607 1095 nuuc
625 1043 717 1097 deeaae
734 1044 776 1108 id,
793 1046 819 1095 ln
836 1058 889 1108 quo
907 1042 1036 1109 oppositio
1043 1043 1160 1109 «poetica
1179 1043 1230 1097 loci
1250 1051 1382 1100 vereatur.

336 1203 344 1220 ·
367 1141 539 1196 Redeuudom
565 1143 708 1211 igiturest
732 1144 766 1194 ad
791 1141 835 1208 id,
862 1141 931 1209 quod
956 1148 1018 1194 aute
1040 1141 1105 1194 diui.
1132 1169 1169 1180 --
1201 1157 1388 1210 purpureo

366 1259 463 1311 rere,
488 1252 595 1314 propter
611 1246 702 1308 florea,
725 1249 755 1295 ut
773 1244 888 1296 Venere.
904 1242 1001 1310 Eolog.
1019 1242 1068 1308 lli,
1086 1246 1131 1296 to.
1158 1244 1280 1296 Pmoun„
1303 1243 1386 1308 Pytlu

366 1345 414 1410 lV,
430 1349 483 1399 ⁶4:
507 1344 704 1404 φοινικανθέμου
719 1327 783 1412 ἦρος
800 1338 885 1408 ἀκμᾷ,
901 1341 992 1393 Iullum.
1010 1341 1059 1406 ΙΙΙ,
1076 1345 1128 1394 36:
1147 1342 1270 1392 ποικίλων
1287 1343 1385 1408 μηνοῖν,

365 1443 411 1496 ubi
429 1443 489 1496 ride
507 1442 698 1496 annotationem
715 1447 840 1492 uoatrum.
853 1466 890 1478 -
908 1454 944 1491 ue
961 1439 1125 1504 remittit,
1143 1453 1178 1490 ex
1194 1438 1310 1505 frigore,
1327 1454 1383 1506 quo

366 1545 489 1598 adstricta
514 1545 607 1597 fuerat.
635 1541 962 1606 0vm.Faaulv‚1uo=
992 1557 1051 1592 vera
1076 1540 1167 1591 nitent
1191 1547 1296 1598 terrea,
1322 1558 1385 1592 vere

366 1646 493 1699 remissus
510 1663 586 1716 ager·
620 1646 689 1700 Vide
707 1645 978 1712 Mraaouanurcuruat
996 1641 1030 1692 ad
1047 1640 1143 1694 Horat.
1160 1639 1182 1704 1,
1199 1642 1225 1705 4,
1245 1644 1286 1693 10.
1304 1644 1332 1693 et
1350 1641 1385 1693 ad

365 1745 467 1798 initium
494 1742 570 1797 odae·
614 1743 747 1796 uernae
776 1741 866 1798 laudat
893 1740 993 1793 Helua.
1021 1743 1049 1791 et
1073 1739 1224 1792 Boanum
1248 1739 1282 1792 ad
1305 1739 1383 1792 Orid.

366 1844 475 1897 Heroid.
493 1843 528 1908 ll,
553 1847 613 1898 128.
631 1869 667 1883 -
696 1843 729 1896 V.
748 1846 775 1895 6.
794 1846 820 1894 6.
840 1841 970 1907 nigram
989 1838 1118 1906 loram,
1136 1847 1165 1893 ut
1182 1843 1329 1895 Paoeuur.
1346 1841 1383 1908 ll,

365 1947 410 2010 94,
428 1947 480 1996 illa
507 1945 584 2013 niger
602 1941 666 1996 dies.
703 1942 780 1995 Nouo
797 1944 921 2011 opposuit
937 1942 1112 2007 locutionem,
1139 1946 1169 1992 ut
1187 1945 1270 2005 amat,
1292 1938 1383 1992 uerbis

363 2062 499 2116 purpureo
517 2061 586 2098 vere.
621 2044 706 2096 Porro
729 2042 927 2106 denuntiat,
952 2058 1004 2096 rox
1027 2044 1122 2096 minax.
1159 2042 1303 2094 Pnorunr.
1322 2041 1383 2093 lau·

366 2141 445 2195 dante
462 2143 571 2195 Vuneto
587 2141 634 2206 lv,
651 2144 677 2206 8,
694 2144 746 2192 612
764 2139 810 2190 r'lle
829 2139 885 2191 dier
902 2139 994 2191 hornia
1012 2139 1117 2191 caedem
1135 2139 1277 2192 denuntiat
1293 2138 1382 2209 agrar'r.

366 2245 441 2297 Adde
460 2244 693 2296 Baooouuuarorr.
729 2243 765 2294 ut
783 2244 903 2295 Paruum.
922 2239 1011 2293 lulum.
1035 2241 1085 2294 Vll
1105 2241 1207 2308 (Vlll),
1230 2244 1279 2294 ὅδε
1304 2241 1383 2301 δῶμα

267 2325 271 2332 ’
366 2337 527 2413 duodecime
544 2335 649 2403 μανύιιν
667 2339 740 2391 dixit.
759 2365 795 2377 -
820 2352 925 2406 parce
942 2351 1084 2404 nocere,
1111 2339 1226 2405 abedoc,
1251 2344 1282 2391 ut
1298 2339 1382 2393 Vnae.

365 2445 432 2495 aen.
451 2442 499 2506 111,
516 2443 560 2493 aa.
578 2441 660 2492 om.
679 2439 745 2493 uer
762 2438 798 2505 Χ,
816 2442 877 2492 ara.
895 2426 977 2492 uriae
992 2439 1042 2505 ιιι,
1058 2444 1085 2505 u,
1103 2445 1147 2492 m.
1183 2440 1240 2492 uec
1257 2446 1327 2494 nota.
1343 2468 1380 2479 -

365 2544 399 2597 V.
417 2548 435 2596 7
453 2558 511 2609 aqq·
548 2540 772 2598 Quemadmodum
792 2542 938 2593 uuiversum
963 2555 1047 2607 genua
1071 2538 1208 2593 humanum
1226 2538 1383 2607 temeritate,

364 2642 489 2707 audacia,
507 2640 641 2710 impietate
659 2639 765 2692 morboa
782 2640 831 2693 ubl
850 2641 958 2693 attraxit
977 2645 1005 2692 et
1022 2646 1133 2692 mortem
1152 2640 1320 2704 acceleravit,
1346 2640 1383 2692 ei.

365 2742 476 2797 Hoetu.
495 2743 517 2807 1,
534 2746 571 2807 3,
588 2741 627 2795 aio
645 2742 723 2793 etiam
741 2740 838 2806 singuli
857 2737 974 2791 homiues
992 2738 1097 2791 morboa
1114 2739 1256 2804 graviores,
1273 2738 1299 2789 in
1315 2753 1383 2804 quoa

365 2841 533 2904 incidiaaeut,
556 2839 590 2890 ab
613 2839 653 2891 ira
670 2837 778 2889 deorum
796 2837 924 2905 culpaque
941 2842 1040 2890 temere
1065 2843 1201 2889 contracta
1219 2837 1381 2905 repetebant.

365 2939 496 2993 Solemnis
520 2950 584 2989 vero
608 2938 754 3000 scelerum,
783 2950 850 3002 quae
874 2937 1000 3002 quianon
1020 2937 1194 3003 commiserit,
1221 2937 1384 2989 enumeratio
1434 2914 1437 2923 ¹

364 3039 435 3107 apud
453 3043 554 3106 poetae,
573 3037 653 3088 veluti
673 3036 804 3089 Hermus
822 3037 911 3090 laudat
930 3038 1086 3090 conuentu.
1104 3037 1187 3105 Rapt.
1204 3038 1327 3105 Proserp.
1347 3036 1383 3102 ll,
1465 3098 1466 3105 ἵ

364 3139 419 3187 m
435 3152 493 3202 aqq.
521 3137 648 3188 Pau-nou.
673 3138 793 3199 e.133.,
817 3135 863 3188 aed
884 3135 1036 3202 Lygdamus
1061 3138 1155 3188 iterum
1180 3136 1274 3188 uimiua
1297 3135 1383 3187 estin

366 3248 399 3286 ea
416 3249 454 3301 re,
473 3235 606 3287 immemor
620 3232 726 3298 Tibulli,
744 3248 821 3299 quem
840 3248 962 3301 compara
980 3234 1002 3298 l,
1020 3238 1047 3298 θ,
1064 3238 1109 3287 51.
1126 3237 1174 3286 5⁸2,
1206 3232 1299 3298 Neque
1313 3248 1380 3286 ,vero

365 3330 416 3385 lroc
436 3333 512 3387 aliam
532 3335 566 3388 ob
586 3348 690 3387 caueam
711 3333 776 3387 lecit
792 3349 870 3401 quam
895 3335 956 3400 qula
980 3333 1165 3387 delectabatur
1183 3334 1383 3386 enumerationi-

365 3430 429 3498 bna,
447 3450 479 3486 ac
497 3436 550 3487 noli
567 3435 667 3488 Vesano
685 3435 807 3500 credere,
826 3436 870 3502 qui
887 3436 1025 3489 iactantiae
1043 3450 1122 3487 cauea
1143 3435 1239 3487 lactum
1257 3434 1326 3487 dicit.
1345 3462 1383 3474 -

365 3534 560 3588 laudandae
576 3552 677 3589 ancra
695 3536 780 3590 deae
798 3544 859 3591 aunt
877 3554 943 3606 quae
962 3538 1081 3592 Tibullus
1093 3536 1117 3605 1,
1131 3542 1157 3601 6,
1171 3541 1215 3588 22.
1233 3535 1312 3587 dixit:
1333 3550 1385 3585 rn-

365 3650 413 3684 cro
431 3635 524 3683 Bonae
543 3629 661 3682 moritur
679 3652 732 3685 non
750 3634 878 3687 adeundo
896 3638 978 3694 Dece,
996 3653 1064 3704 quae
1080 3638 1128 3704 qui
1147 3637 1270 3688 violaaaet
1286 3647 1385 3702 eorpo-

364 3734 400 3785 ria
423 3730 552 3797 animique
569 3731 660 3798 poeula
678 3731 802 3786 divinitae
819 3734 989 3787 alliciebatur.
1031 3733 1214 3786 laudandam
1232 3733 1296 3786 dicit
1312 3748 1384 3799 quae

365 3832 465 3884 nonnul
490 3829 565 3882 bouis
589 3829 691 3896 verblr,
717 3831 787 3885 bono
810 3833 914 3884 nomine
937 3831 1091 3899 appellanda
1116 3838 1205 3898 earet,
1229 3847 1291 3885 nam
1307 3831 1387 3886 Bona

363 3932 513 3994 dicebatur,
541 3930 588 3985 aed
616 3946 708 3999 parurn
732 3933 820 4001 placet
842 3931 929 3985 ieiuna
951 3932 1165 4002 circumacriptle.
1184 3958 1218 3972 ·-
1246 3932 1385 3985 tentari

364 4032 484 4085 Audax
510 4047 549 4099 pr.
574 4046 653 4084 aurur
671 4048 744 4099 aum,
771 4038 799 4086 et
823 4014 946 4085 docere
971 4047 1070 4087 aacra
1088 4037 1129 4086 eat
1147 4031 1280 4098 evulgare
1317 4026 1385 4080 Erat

365 4131 497 4197 evulgauo
514 4130 570 4184 iure
583 4128 652 4185 iuter
666 4131 778 4187 maxima
794 4129 917 4197 mlmluar
933 4129 1019 4188 aditur
1034 4146 1098 4188 uero
1114 4127 1291 4186 claudentiuua
1308 4123 1386 4181 taciti
