3009 4725
568 385 750 451 TIBULLI.
1101 416 1178 458 xm

156 569 264 631 verosi
285 564 420 644 eredas,
443 558 535 647 quod
554 543 649 641 vulgo
671 561 766 624 statui
787 558 898 641 video,
921 565 1046 628 nonnisi
1067 566 1174 629 libidi-

152 708 215 748 nem
236 710 254 748 a
274 696 373 767 poeta
395 684 430 744 in
455 681 517 742 hoc
538 698 646 741 amore
667 690 845 759 spectatam,
865 681 966 762 qualis
987 686 1092 745 nullus
1113 687 1174 746 luit

150 821 234 862 amor
251 800 383 862 Tibulli.
431 793 535 871 Quam
558 794 668 856 suavia
687 794 765 855 ltaec
787 797 886 857 verba
906 796 946 875 ll,
961 805 991 875 3,
1008 807 1027 859 5
1042 820 1129 882 sqq:

233 910 262 977 0
278 932 343 991 ego,
364 932 438 973 cum
459 906 653 990 adspicerem
667 903 836 986 dominam,
858 931 955 993 quam
970 912 1095 976 fortiter
1111 917 1172 978 illic

277 1026 445 1086 versarem
465 1013 577 1084 valido
597 1023 713 1103 pingue
734 1021 862 1085 bidente
882 1027 997 1103 solum,

239 1138 458 1220 Agricolaeque
479 1134 577 1200 modo
600 1134 732 1202 currum
754 1150 890 1201 sectarer
911 1153 1058 1220 matrum,

278 1252 362 1313 Dum
384 1252 535 1331 subigunt
556 1250 673 1314 steriles
696 1261 772 1315 arsa
784 1252 927 1341 ‘serenda
947 1254 1062 1321 boves!

234 1363 300 1427 Nec
320 1385 489 1448 quererer,
511 1362 600 1447 quod
622 1367 669 1426 sol
690 1364 819 1444 graciles
841 1381 987 1430 exureret
1007 1379 1110 1450 arrisu·

273 1479 429 1542 Laederet
451 1491 483 1541 et
499 1492 623 1540 teneras
644 1480 772 1561 pristinis
792 1493 886 1562 rupta
907 1502 1028 1558 mamers,

152 1592 207 1653 ubi
225 1595 275 1655 rel
295 1615 357 1676 pro
378 1593 529 1676 adspectu
550 1607 671 1657 amatam
693 1592 780 1658 vides
802 1599 929 1659 serviles
948 1598 1072 1661 labores
1094 1603 1171 1664 tole·

154 1720 297 1772 raturum
315 1722 458 1791 poetam,
491 1711 646 1773 steterim
667 1710 760 1772 etiam
781 1714 910 1794 mythici
933 1714 1083 1795 temporis
1103 1735 1171 1777 mo·

158 1843 211 1886 res
231 1825 380 1905 pulchros
401 1839 573 1907 comparat,
595 1826 652 1888 ubi
673 1828 789 1908 Apollo
813 1827 899 1908 apud
918 1827 1084 1891 Admetum
1107 1850 1172 1890 ser·

155 1937 271 2002 siebat.
324 1938 364 2000 In
385 1950 473 2000 sexta
490 1961 564 2004 vero
583 1944 678 2022 elegia
699 1962 771 2004 eum
793 1954 864 2022 post
893 1944 1035 2022 querelae
1056 1933 1197 2019 grauis·¹

153 2055 246 2118 simas
266 2056 424 2137 pueliam,
453 2054 537 2118 unde
559 2068 604 2120 tot
631 2077 800 2119 aerumnas
829 2056 944 2132 habet,
973 2066 1117 2130 excusat,
1145 2067 1187 2152 et.

153 2169 185 2232 in
209 2171 342 2253 proprio
368 2169 478 2232 dolore
498 2172 637 2233 maximo
664 2192 697 2233 se
723 2183 850 2235 revocat
872 2181 974 2232 amata
997 2190 1037 2232 ne
1060 2167 1173 2246 dolent,

154 2278 306 2367 quaem
333 2283 499 2366 pulchrior
526 2284 642 2346 amoris
669 2284 850 2365 significatio
883 2285 1015 2367 reperiri
1045 2280 1172 2365 potest?

156 2395 216 2459 Seri
233 2400 310 2461 tales
330 2420 425 2463 voces
444 2396 594 2463 idealium
616 2420 764 2463 sensuum
786 2423 857 2463 eum
878 2402 992 2479 affero,
1014 2399 1173 2464 nilnlomi-

153 2533 212 2576 nus
230 2517 332 2597 probe
353 2513 447 2578 rideo
469 2513 559 2597 quod
578 2526 739 2596 apertum,
766 2516 859 2578 aliam
880 2534 946 2577 esse
971 2515 1065 2577 hrrius
1087 2534 1174 2576 amo·

150 2630 191 2692 ris
209 2632 386 2704 rationem,
418 2649 514 2712 quam
535 2628 621 2705 eius,
650 2630 706 2712 qui
727 2647 824 2707 supra
846 2625 1028 2708 descriptus.
1076 2626 1174 2689 Nulla

150 2745 202 2806 bic
222 2746 338 2807 affecta
366 2756 411 2805 est
431 2746 609 2807 animorum
633 2742 832 2816 coniunctio,
865 2743 965 2824 qualis
984 2742 1045 2804 fuit
1068 2742 1174 2821 priore

148 2872 298 2943 tempore
318 2858 351 2920 in
371 2861 480 2924 Deliae
501 2881 579 2937 usu,
610 2859 666 2924 sed
692 2857 861 2941 imperium
883 2869 913 2919 et
935 2857 1096 2918 servitium
1118 2856 1176 2916 ha·

147 2978 245 3040 betur
265 2988 296 3038 et
317 2978 455 3057 superba
475 2973 617 3054 domina,
638 2974 727 3038 errius
748 2975 855 3039 vultus
877 2969 1017 3055 placidus
1038 2968 1176 3052 plruimo
1284 3032 1288 3041 ,

148 3093 246 3155 veuit.
288 3090 357 3154 Nec
380 3088 420 3153 de
441 3112 531 3155 sacro
554 3090 682 3183 foedere
709 3093 745 3153 in
772 3091 822 3153 his
853 3088 1041 3152 carminibus
1066 3085 1177 3166 agitur,

149 3204 237 3289 quod
252 3205 375 3268 laesum
394 3206 562 3268 ulcucamr
576 3204 624 3266 iro
641 3205 790 3269 deorann:
812 3203 955 3268 Nemesis
970 3203 1076 3284 plures
1092 3223 1177 3265 ama·

148 3334 237 3383 tores
258 3320 367 3396 babet,
389 3340 446 3381 nec
467 3320 607 3401 postulat
627 3319 774 3381 Tibullus
796 3330 832 3379 ut
853 3330 936 3380 casta
956 3336 990 3377 se
1016 3336 1080 3378 uno
1102 3335 1177 3378 con·

147 3449 240 3500 tenta
261 3436 315 3514 sit,
341 3437 421 3499 felix
440 3437 582 3513 futurus,
610 3436 637 3498 si
658 3433 753 3498 modo
775 3453 841 3495 non
861 3454 985 3514 semper
1002 3433 1179 3493 remittatur

151 3563 185 3615 et
205 3571 315 3633 parem
336 3551 446 3614 saltem
469 3568 541 3613 cum
562 3550 630 3611 aliis
657 3549 798 3612 favorem
820 3546 1011 3626 experiatur.
1061 3545 1179 3624 Appel-

152 3669 196 3730 lat
221 3667 377 3731 Martialis
405 3666 567 3729 Nemesim
593 3665 740 3729 lascivom
769 3663 856 3739 XIV,
879 3667 951 3723 193.
981 3662 1102 3741 etipse
1125 3661 1179 3720 Ti·

155 3782 260 3845 bullus
281 3780 358 3843 dicit
378 3779 418 3856 ll,
440 3784 468 3857 6,
489 3785 550 3843 51:

281 3926 588 3945 —————
606 3907 683 3958 tunc
704 3913 794 3957 mens
815 3890 893 3955 milri
913 3886 1035 3973 perdita
1057 3887 1151 3968 lingit,

333 3992 455 4101 Quisve
473 4030 577 4071 meam
598 4020 702 4070 tenent
723 4017 802 4091 quot
821 4017 964 4068 teneatue
987 4000 1097 4079 modis,

157 4120 261 4203 qualia
279 4140 441 4207 nusquam
459 4124 495 4185 in
511 4120 702 4184 carminibus
717 4119 759 4185 ad
773 4118 898 4185 Deliam
912 4121 1077 4197 leguntur:
1098 4113 1181 4178 unde

876 4227 897 4290 d
