3009 4725
505 458 509 467 .
579 366 767 435 TIBULLI·
850 431 855 440 ·
1081 401 1177 448 exorti

146 551 230 617 Nam
251 558 289 614 ut
311 567 399 611 nunc
421 546 521 611 verbo
541 538 643 608 dicam
663 538 750 629 quod
775 565 826 608 ree
847 559 903 628 eet,
925 551 1064 633 primum
1085 579 1177 640 aper.

146 679 214 728 tum
235 663 405 726 discrimen
428 659 513 721 inter
536 658 744 721 elocutionem
758 659 878 744 Tibulli
899 675 930 725 et
942 663 1096 747 Lygdami
1115 673 1189 736 hoc·

150 792 243 862 puta,
264 771 351 860 quod
378 772 530 855 proprius
552 772 641 850 vigor
661 771 859 835 Tibullianae
885 773 1030 842 dictionis
1052 785 1178 849 abeeta

150 890 305 974 Lygdami
320 886 435 951 verbis.
477 883 636 972 Loquitur
648 886 776 966 quaevis
791 886 920 967 pagina3
942 901 1048 953 tamen
1064 915 1178 976 operae

152 1005 292 1085 pretium
313 998 463 1079 exemplis
485 998 606 1078 aliquot
626 1017 695 1058 rem
715 997 874 1060 illustrare
896 999 1051 1068 disertius.
1098 1007 1178 1074 Cum

155 1113 270 1174 flebilis
291 1114 331 1172 sit
351 1110 513 1192 utriusque
535 1120 647 1189 poetae
668 1108 780 1188 Musa,
811 1109 881 1173 vide
902 1114 980 1174 milri
1001 1139 1032 1180 v.
1045 1140 1072 1179 c.
1093 1121 1178 1183 hunc

155 1227 352 1308 praeclarum
372 1225 476 1284 locum
496 1220 618 1282 Tibulli
638 1220 685 1295 II,
701 1220 737 1297 4,
757 1229 776 1282 7
793 1242 879 1305 sqq.;
907 1225 1024 1289 frustra
1046 1251 1177 1312 quaeras

154 1339 241 1423 apud
255 1337 450 1421 Lygdamum
468 1337 521 1399 vel
539 1355 579 1396 ex
599 1347 688 1414 perte
709 1329 821 1398 similia
834 1338 883 1398 his
900 1343 1042 1407 nervosis
1059 1348 1179 1411 verbis:
1198 1391 1201 1397 ·

237 1450 266 1516 0
289 1473 345 1531 ego
369 1470 410 1510 ne
433 1449 554 1530 poesim
576 1448 655 1509 tales
676 1447 791 1509 sentire
817 1446 957 1531 dolores,
1030 1485 1033 1490 ·

282 1560 387 1637 Quam
407 1561 534 1622 mallem
553 1558 589 1619 in
611 1555 720 1637 gelidis
741 1560 902 1624 montibus
925 1583 990 1626 esse
1011 1566 1108 1650 lepis,

239 1673 327 1737 Stare
348 1675 400 1736 uel
422 1674 540 1762 insanis
562 1673 826 1760 cautes-obnoxia
845 1676 957 1754 ventis,

285 1786 448 1864 Naufraga
468 1805 562 1866 quam
582 1783 664 1847 vasti
686 1783 835 1846 tunderet
854 1784 941 1848 unda
962 1786 1073 1851 marie!

244 1897 340 1959 Nunc
363 1909 395 1957 et
416 1916 521 1958 amara
542 1893 605 1957 dies
628 1907 659 1957 et
680 1897 781 1958 noctis
803 1901 941 1960 amarior
961 1903 1075 1962 umbra
1097 1917 1159 1968 eet:

288 2008 404 2074 Omnia
426 2030 498 2070 nam
519 2008 599 2069 tristi
620 2020 765 2090 tempora
787 2010 860 2071 felle
882 2008 1019 2073 madent.

158 2122 221 2188 Sed
242 2122 492 2204 comparabimus
514 2121 635 2204 aliquot
662 2122 749 2184 locos
771 2123 937 2206 utflusque
968 2136 1080 2206 poetae
1100 2128 1182 2191 inter

159 2257 201 2319 se,
224 2250 258 2300 ut
280 2236 394 2300 clarius
416 2232 522 2296 videas
538 2231 718 2300 discrimen.
759 2235 905 2298 Tibullus
928 2235 1002 2300 dicit
1022 2239 1061 2319 ΙΙ,
1078 2246 1180 2321 e,15:

240 2327 321 2413 Aser
341 2351 460 2428 Amor,
491 2349 605 2410 fractas
628 2341 748 2409 utinam
769 2360 824 2411 tua
847 2351 908 2413 tela
930 2353 1069 2432 sagittas,

285 2464 430 2535 silicet,
463 2463 630 2523 exstinctae
653 2443 883 2546 adspiciemque
905 2462 1003 2529 laces!

247 2575 297 2635 Tu
316 2576 464 2637 miserum
481 2587 626 2656 torques,
653 2584 690 2635 tu
710 2594 762 2637 me
783 2576 862 2636 mibi
884 2574 953 2639 dira
973 2580 1095 2660 precari

290 2686 380 2767 Cogis
402 2700 432 2749 et
455 2686 567 2748 insana
586 2697 690 2747 mente
712 2683 849 2751 nefanda
869 2686 969 2769 loqui.

246 2801 314 2862 Iam
337 2801 419 2862 mala
437 2799 573 2861 finissem
593 2800 673 2874 leto,
701 2795 758 2860 sed
780 2794 906 2859 credula
927 2797 1024 2859 vitam

287 2912 365 2994 Spes
388 2913 473 2977 fovet
494 2925 523 2973 et
542 2912 611 2973 fore
634 2929 702 2972 eree
722 2929 848 2991 semper
869 2910 912 2971 ait
933 2907 1056 2997 melius.

157 3022 337 3109 Lygdamus
360 3026 421 3105 111,
440 3032 477 3101 2,
497 3024 585 3087 iaie:

244 3135 308 3216 Qui
329 3137 451 3219 prImue
473 3158 577 3199 caram
599 3135 709 3200 iuveni
730 3152 900 3215 carumque
923 3129 1045 3211 puellae

289 3252 414 3334 Eripuit
435 3254 600 3328 iuvenem,
627 3251 748 3312 ferreus
769 3248 823 3309 ille
844 3246 915 3308 tuis.

245 3365 354 3428 Durus
379 3378 411 3428 et
431 3366 485 3426 ille
510 3366 585 3441 luit,
609 3364 664 3447 qui
685 3374 809 3426 tantum
830 3361 914 3421 terre
938 3356 1096 3439 dolorem,

287 3474 403 3541 Vivere
427 3492 458 3541 et
480 3490 587 3559 erepta
612 3479 743 3556 coniuge
767 3472 824 3556 qui
843 3475 956 3554 potuit,

243 3591 318 3653 Non
341 3613 398 3673 ego
423 3593 532 3654 firmus
554 3593 588 3653 in
609 3591 687 3668 hoc,
721 3608 788 3649 uon
809 3588 886 3647 haec
906 3589 1057 3668 patientie
1077 3601 1186 3652 nostro

284 3706 431 3784 Ingenio:
462 3704 579 3783 frangit
598 3703 693 3763 fortia
715 3699 810 3763 corda
832 3698 940 3762 dolor:

245 3814 312 3877 Nee
332 3815 412 3877 mihi
435 3836 511 3878 rere
531 3817 621 3898 loqui
642 3811 750 3896 pudor·
769 3826 815 3874 eet
835 3815 980 3893 vitaeque
1005 3810 1096 3869 fateri

285 3928 349 3990 Tot
371 3906 454 3990 mala
477 3949 642 4010 perpessae
665 3925 767 3989 taedia
788 3937 861 3987 nate
885 3943 983 3985 meae.
1011 3958 1014 3962 -

246 4041 330 4121 Ergo
353 4063 426 4122 cum
448 4054 575 4105 tenuem
596 4042 687 4104 suero
709 4052 844 4103 mutatus
867 4037 902 4098 in
923 4034 1066 4096 umbram
1081 4062 1132 4089 -.
