3009 4725
308 391 350 456 74
549 390 821 461 COMMENTAR
851 395 898 463 IN
918 396 1092 464 TIBULLI
1120 453 1127 464 .

308 562 424 616 aetherio
446 561 549 616 esoiiis
574 570 602 617 et
627 566 698 620 riuis
720 582 832 634 quereus
852 576 972 623 monente
991 569 1058 624 irunc
1074 571 1162 626 locum
1186 575 1282 644 occipit
1299 583 1326 629 et

152 667 161 686 ·
218 715 223 724 ,
307 665 419 716 Vincis..
440 661 534 729 Eciog.
553 662 660 728 1v,so.
682 666 782 733 Georg.
803 667 825 732 Ι,
845 671 906 721 tal.
943 668 1010 722 Add.
1033 670 1116 723 Ovrn.
1137 671 1203 725 Met.
1221 672 1243 736 I,
1264 676 1324 725 112.

307 764 439 818 iisrusus
456 761 490 815 de
507 761 600 831 opibus
616 765 716 831 cogitet
732 766 759 817 in
776 767 875 819 truuds
892 766 1013 821 orborum
1030 770 1080 820 nel
1099 768 1252 821 facientibus
1268 770 1324 824 sino

307 863 436 917 lominum
462 871 532 916 curt.
570 862 648 920 Quod
675 865 788 917 silenum
813 863 924 918 videtur.
967 865 1063 918 Tibulli
1088 844 1160 918 incus
1184 873 1240 931 est,
1266 868 1323 920 siue

306 979 385 1032 opere
403 975 481 1033 epum
499 961 681 1032 hominumque
698 965 750 1018 mel
769 965 982 1034 perfectissimum
1001 983 1016 1018 e
1035 974 1126 1018 nutura
1144 966 1268 1020 oblatum.
1287 995 1322 1007 -

306 1063 414 1117 ubere
439 1064 556 1132 luctis,
584 1067 763 1136 metopium,
788 1067 822 1121 ci.
840 1066 864 1119 sl
882 1066 946 1119 muti
965 1071 1013 1133 est,
1034 1066 1144 1120 Hosne.
1161 1067 1196 1133 11,
1214 1071 1259 1133 19,
1277 1071 1322 1121 20.

305 1164 465 1218 Orto-Met.
476 1163 498 1231 1,
510 1168 571 1221 ill.
607 1166 726 1236 Denique
745 1168 880 1222 securis
898 1174 954 1221 este
972 1184 1025 1222 nou
1043 1169 1193 1222 timentibus
1212 1170 1323 1240 inopinus

303 1263 447 1317 rimun-
480 1263 515 1318 V.
532 1264 576 1317 47.
594 1267 638 1320 ts.
674 1261 777 1321 Exitus:
813 1267 881 1321 Nem
899 1269 1018 1336 sequitur
1040 1275 1095 1322 tots
1114 1270 1254 1339 descriptio
1275 1286 1323 1324 nu-

303 1375 365 1416 rese
389 1360 483 1415 nubib
505 1359 571 1415 hene
595 1363 697 1430 legeme
723 1365 788 1417 Post
812 1366 944 1420 introitum
970 1383 1010 1420 vr.
1029 1372 1073 1420 85.
1092 1372 1137 1423 36.
1160 1370 1270 1438 primum
1288 1369 1323 1423 de

303 1461 439 1514 itineribus
457 1462 590 1515 maritimis
608 1457 701 1516 dicitur
720 1461 835 1516 noudum
853 1467 984 1534 usurpetis
1002 1466 1105 1520 duobus
1122 1465 1255 1533 distichis,
1273 1467 1322 1522 de·

302 1559 364 1615 inde
380 1562 438 1615 eliis
455 1560 557 1615 duobss
574 1562 607 1617 de
625 1569 695 1617 stetu
719 1563 865 1620 domestico
889 1565 1004 1621 nondum
1023 1574 1053 1621 ut
1070 1565 1149 1620 hodie
1170 1568 1324 1632 constituto,

303 1665 357 1714 tum
383 1660 422 1715 his
447 1662 591 1717 coniunctis
617 1666 757 1733 opponitur
780 1682 834 1721 uuo
861 1666 974 1722 dlstlelro
1000 1668 1113 1737 positive
1137 1670 1267 1721 molentis
1290 1667 1324 1721 de

303 1761 431 1814 alimentis
448 1762 517 1815 ultro
535 1762 739 1830 obtingeutibus.
776 1765 831 1818 ism
852 1771 882 1819 nt
899 1766 954 1820 dixi
972 1769 1091 1835 sequitur
1108 1769 1195 1821 exitus
1212 1768 1239 1821 in
1257 1766 1323 1820 hunc

302 1873 421 1913 senonis
447 1861 541 1933 Atque
558 1860 602 1913 itu
613 1862 728 1933 suctum
746 1872 779 1915 ut
791 1881 852 1933 pus
869 1874 940 1918 esset
957 1875 1086 1924 aeterna,
1110 1884 1171 1918 cum
1188 1864 1278 1917 litium
1294 1875 1323 1917 et

303 1958 365 2013 tolli
381 1977 494 2018 causae,
520 1960 639 2015 tabam
657 1964 809 2035 cupiditate
828 1969 921 2024 ortue',
946 1983 999 2019 nort
1015 1966 1147 2019 adessent.
1181 1965 1237 2019 Sed
1255 1964 1322 2017 ilune

301 2064 386 2118 locum
404 2079 497 2132 magns
515 2081 575 2119 cum
592 2066 618 2119 ri
637 2069 757 2134 extollit,
786 2069 907 2136 quonism
928 2071 985 2137 ipse
1002 2085 1050 2137 per
1068 2069 1163 2121 bellom
1181 2068 1208 2119 iu
1225 2066 1320 2119 melum

303 2180 425 2235 prensens
443 2165 541 2218 inuidit
577 2165 627 2220 Est
648 2174 735 2221 sutem
753 2170 895 2222 cumulatio
919 2170 1038 2222 similium
1065 2169 1217 2233 verborum,
1243 2172 1272 2220 et
1290 2172 1320 2219 ut

204 2277 212 2294 ·
302 2263 363 2317 mlii
387 2263 491 2332 quidem
510 2263 628 2328 videtur,
656 2267 715 2317 bins
733 2267 855 2333 coniungi
874 2261 990 2319 debent‘
1013 2267 1085 2320 Non
1115 2267 1225 2333 ecies,
1257 2282 1318 2320 non

301 2367 352 2419 irs
370 2365 450 2432 luit,
468 2368 520 2455 pit,
545 2381 609 2419 nou
629 2365 722 2420 belis
739 2380 800 2418 nec
819 2366 924 2432 ensis,
950 2365 988 2417 bis
1007 2372 1127 2433 repetens
1146 2364 1215 2419 idem
1234 2372 1318 2418 mutu-

301 2467 335 2519 tis
353 2465 455 2530 verbis3
471 2482 530 2519 nem
548 2472 578 2519 ut
596 2468 635 2518 irs
652 2466 735 2519 solem
754 2466 857 2519 instruit
877 2471 905 2518 et
923 2466 1050 2547 concipi,
1069 2466 1106 2519 ite
1123 2465 1221 2518 bellum
1238 2465 1320 2518 utitur

302 2584 372 2622 ense.
408 2570 484 2647 (iope
508 2585 568 2623 cum
591 2568 655 2622 sctis
681 2571 806 2624 concinne
830 2568 982 2634 videnutur,
1008 2569 1078 2621 nulle
1103 2566 1145 2621 iric
1168 2574 1209 2621 est
1226 2573 1321 2638 poetes

302 2669 704 2739 negligentis-quemadmodum
723 2673 801 2725 etium
821 2672 893 2737 ulios,
911 2672 956 2724 ubi
976 2686 1126 2740 perversum
1144 2686 1231 2724 rernm
1249 2670 1320 2724 ordi-

301 2783 360 2822 nem
388 2774 564 2838 queruntur,'
585 2754 747 2827 secutatione
776 2774 990 2842 interpretatione
1020 2773 1113 2826 bouem
1144 2769 1320 2841 deprehendes

303 2870 497 2938 compositionis
515 2871 610 2939 legem.
648 2875 733 2940 Atque
753 2874 802 2926 troc
825 2875 885 2927 loco
902 2878 947 2941 qui
965 2874 1062 2926 dixerit
1081 2888 1114 2926 ex
1135 2874 1186 2925 irs·
1194 2875 1318 2925 exsistere

301 2971 414 3037 beilum,
432 2969 503 3027 bello
519 2969 594 3023 educi
612 2971 712 3037 eciem,
731 2972 814 3024 eciem
834 2972 872 3024 uti
888 2972 1007 3038 ensibus,
1025 2978 1104 3040 etque
1121 2974 1158 3025 its
1178 2971 1318 3024 ordinende

301 3074 380 3127 fuisse
394 3074 482 3139 verbs,
500 3088 551 3126 nou
565 3072 767 3127 cousiderererit
780 3080 884 3142 poetenn
898 3075 1012 3127 noluisse
1029 3074 1126 3128 docere
1143 3081 1170 3127 et
1188 3073 1318 3142 explicere

302 3177 359 3243 orris
377 3176 411 3228 sit
425 3174 549 3227 naturalis
565 3189 581 3225 e
603 3188 680 3226 oense
700 3172 762 3225 belii
781 3187 864 3240 nsque
882 3172 915 3225 nd
933 3188 1046 3242 pugnem
1065 3174 1146 3242 ipsum
1166 3186 1319 3240 progressus

302 3292 402 3343 rerum,
415 3277 466 3345 ¹qui
486 3275 571 3344 potius
590 3274 652 3327 iilud
670 3290 749 3327 onum
772 3277 843 3343 egit,
866 3280 896 3327 ut
914 3275 1026 3327 nondum
1045 3275 1124 3327 luisse
1144 3281 1198 3326 tum
1216 3272 1318 3326 terribi-

304 3376 354 3428 lem
373 3379 464 3429 'srtem
487 3374 598 3428 beilsudi
625 3374 695 3427 dicet
719 3389 796 3442 quem
821 3373 980 3441 gravissime·
1018 3375 1104 3441 Atque
1128 3358 1187 3426 hnic
1211 3372 1319 3425 consilio

303 3476 472 3543 compositio,
498 3492 565 3543 quse
584 3474 707 3541 hebetur,
726 3474 802 3542 plene
821 3475 949 3526 convenit.
986 3473 1108 3525 ceterum
1126 3470 1170 3522 ira
1187 3476 1227 3522 cst
1248 3468 1319 3520 iuror

303 3574 414 3629 bellicus
425 3581 454 3626 ut
465 3582 575 3642 constet,
593 3583 621 3629 et
636 3576 783 3629 duxerst
801 3581 857 3627 este
874 3573 1037 3643 procuderet,
1054 3578 1084 3626 ut
1095 3573 1223 3624 Graecum
1242 3560 1318 3617 atul-

303 3693 366 3736 mr,
392 3652 503 3726 tundere
523 3677 635 3742 melleo,
662 3677 696 3730 ci.
718 3677 832 3730 Vmuto.
851 3677 917 3729 Aen.
935 3674 994 3739 vlt,
1012 3676 1073 3725 6³4.
1098 3676 1125 3723 et
1148 3685 1194 3719 ces
1220 3664 1321 3717 ductile

306 3778 388 3831 Ριιιι.
407 3774 532 3841 XXXIV,
549 3779 576 3827 8.
599 3779 732 3832 Graecum
751 3773 865 3829 dionisus
882 3776 941 3829 vide
960 3775 1079 3828 licinii.
1098 3772 1240 3838 xllstuc.
1259 3765 1321 3834 XX,

303 3883 365 3932 270.
385 3905 421 3917 -
446 3877 585 3931 Postremo
602 3878 711 3931 nlnerrs
730 3879 807 3935 etism
826 3875 1010 3930 ndiectirorum
1030 3873 1073 3927 iric
1091 3875 1212 3927 similium
1230 3886 1323 3925 cumu-

303 3982 440 4034 lationem:
459 3978 614 4044 iutmitis,
635 3992 771 4041 suevus,
793 3977 905 4028 menime
923 3977 991 4027 euim
1010 3974 1155 4026 detestetur
1171 3973 1322 4024 beilum.-

304 4080 335 4129 V.
353 4081 397 4131 «lt.
417 4083 462 4132 do.
499 4078 582 4131 Dictis
606 4092 673 4144 quse
699 4076 750 4129 dici
777 4077 906 4129 debebunt
924 4076 956 4129 de
974 4090 1053 4127 sterce
1071 4081 1174 4137 setste,
1199 4071 1266 4124 redit
1289 4070 1322 4123 sd

233 4150 242 4165 ·
303 4190 425 4242 prnescns
446 4184 562 4245 tempus,
581 4183 610 4228 ut
628 4175 731 4229 ciuudet
753 4179 843 4229 intrim.
864 4202 897 4212 -
927 4173 1019 4228 Nunc
1037 4172 1119 4223 loro
1137 4170 1199 4223 sub
1218 4142 1336 4220 domi·⁸
