3009 4725
580 387 762 470 TlssuLLt.
1115 416 1182 457 xxv
1277 421 1282 430 ·

157 585 225 649 quas
254 566 309 628 vel
334 563 447 628 errori
468 561 521 624 vel
545 557 649 622 baudi
672 558 792 624 debitas
814 559 971 634 credibile.
1011 562 1180 647 Sulpiciam
1302 647 1305 656 Ι

153 680 247 741 sitisse
263 676 374 740 Servii
393 674 532 756 Sulpicii
547 674 618 736 Rufi
639 675 833 738 celeberrimi
854 676 956 756 liliam,
978 679 1033 762 qui
1054 680 1179 745 Cicero.

154 791 204 851 nis
222 792 363 872 aequalis
384 801 465 868 erat,
487 788 545 871 qui
566 808 639 849 anu.
656 793 728 850 703.
749 792 858 851 consul
882 791 940 852 luit
961 804 990 853 et
1015 794 1087 855 circ.
1108 801 1179 856 710.

159 923 316 986 mortuns,
350 909 418 973 rid.
451 907 602 972 Ellendtii
636 911 812 989 Prolegom.
843 911 884 974 ad
915 911 1060 977 Ciceroa.
1091 918 1180 980 Brut.

164 1047 198 1106 p.
211 1023 281 1087 Clll
295 1046 373 1109 sqq„
391 1029 462 1089 iare
482 1025 623 1088 dubitari
643 1038 755 1107 potest.
798 1029 840 1089 At
859 1029 942 1092 filius
957 1028 1086 1093 Servius
1108 1031 1180 1094 Sul·

166 1138 266 1219 picins
281 1153 429 1222 paternae
450 1137 554 1222 lpudis
579 1140 718 1202 aemulus
745 1142 850 1222 potuit
876 1157 984 1224 postea
1006 1145 1102 1207 filiam
1124 1147 1181 1207 ba·

166 1254 248 1331 bere,
268 1255 352 1316 caius
372 1266 456 1315 aetas
477 1254 597 1315 nubilis
618 1254 652 1314 in
672 1254 759 1332 haec,
779 1276 858 1337 qaae
882 1254 1021 1334 dicimus,
1039 1270 1181 1340 tempora

164 1365 321 1460 incideret.
361 1367 444 1431 Nam
467 1389 535 1432 non
556 1387 626 1432 esse
644 1389 712 1431 rem
734 1366 788 1430 diu
810 1382 882 1431 ante
903 1383 1012 1448 actam,
1032 1370 1087 1433 sed
1102 1384 1178 1434 tunc

164 1484 264 1564 ipsam
285 1506 355 1547 cum
379 1487 518 1549 cumina
537 1486 770 1561 scriberentur,
800 1483 935 1547 ostendit
964 1488 1061 1567 elegia
1088 1489 1127 1567 ll,
1148 1495 1179 1551 2.

165 1596 327 1660 Messalam
357 1600 490 1662 amicum
519 1596 633 1662 domus
658 1599 755 1660 fuisso
780 1610 866 1679 patet
886 1619 927 1660 ex
946 1620 1012 1662 uno
1034 1595 1178 1680 elegidio·

169 1730 250 1788 ram,
269 1724 301 1773 et
321 1713 410 1775 lacile
429 1711 574 1776 coniicias
594 1711 688 1773 etiam
709 1711 870 1776 Tibullum
889 1733 946 1774 usu
972 1732 1043 1790 oum
1062 1713 1179 1776 familia

174 1825 382 1887 coniunctum.
401 1875 406 1882 .
422 1825 473 1888 ste
494 1827 562 1890 lieri
581 1824 694 1906 potuit,
717 1826 777 1902 aio,
797 1837 841 1901 ut,
864 1823 940 1888 dum
961 1825 1028 1904 ipse
1051 1826 1179 1888 vacabat

170 1955 289 2014 amore,
317 1936 412 1998 huius
431 1938 552 2015 amoris,
569 1959 658 2021 quem
681 1934 817 2014 vidisset,
841 1948 1042 2018 componeret
1061 1938 1180 1998 suavis·

168 2050 278 2111 simam
297 2047 573 2130 adumbrationem,
594 2064 624 2115 et
643 2051 746 2135 possis
766 2048 889 2114 Horatii
911 2047 1072 2130 epistolam
1087 2049 1181 2130 q'usr-

64 2197 66 2202 .
168 2179 229 2229 tam
248 2165 412 2231 commode
433 2167 474 2231 ad
492 2171 553 2232 lroe
572 2182 697 2252 tempus
715 2165 882 2233 revocare:¹

289 2282 372 2359 Albi,
395 2301 576 2345 sermonum
593 2297 775 2347 nostrorum
796 2280 925 2346 candide
947 2278 1053 2359 iudex,

289 2395 376 2474 Quid
397 2412 534 2463 nancte
556 2398 657 2464 dicam
677 2402 779 2463 facere
799 2400 834 2461 in
854 2400 981 2479 regione
1002 2393 1137 2475 Pedana,
1159 2444 1164 2449 .

202 2486 244 2571 0
291 2512 435 2577 Scribere
459 2516 546 2599 quod
567 2516 654 2580 Cassi
676 2517 852 2580 Parmensis
875 2515 1026 2598 opuscula
1044 2513 1157 2590 vincat,

243 2608 254 2631 ’
290 2629 343 2690 An
365 2630 492 2693 tacitum
511 2632 607 2693 silvas
623 2630 707 2693 inter
728 2641 853 2710 reptare
877 2622 1040 2690 salubres?

165 2740 288 2802 situm
315 2741 398 2802 forte
424 2744 455 2804 in
480 2744 644 2825 praedium
672 2756 841 2806 secesserat
866 2741 993 2802 diutius.
1042 2741 1087 2801 Ac
1113 2737 1180 2832 dixi

162 2856 228 2918 iam
247 2878 352 2938 supra,
371 2858 620 2943 insequentibus
641 2861 682 2941 ab
697 2857 832 2922 Horatio
851 2851 951 2916 rideri
966 2851 1091 2915 mollem
1113 2853 1180 2911 ani·

161 2990 250 3032 mum
269 2983 392 3053 pastae,
412 2973 477 3055 qui,
503 2972 606 3050 credo,
627 2971 723 3036 modo
742 2971 863 3034 flebiles
884 2968 961 3029 istos
984 2964 1086 3042 elegos
1106 2983 1182 3042 pro-

160 3098 233 3169 pter
264 3086 430 3168 Glyceram
460 3086 686 3151 decantaverat.
742 3086 832 3150 Circa
861 3086 928 3147 hoc.
953 3098 1028 3146 vero
1059 3091 1183 3161 tempus

160 3203 256 3265 eliam
278 3204 376 3282 elegia
396 3204 499 3284 prima
512 3204 594 3265 »libri
614 3199 743 3266 secundi
764 3201 858 3264 scribi
877 3200 995 3280 potuit,
1027 3193 1181 3279 siquidem

61 3318 66 3329 '
158 3316 195 3376 in
214 3317 273 3377 illo
294 3317 431 3379 carmine
452 3319 540 3381 nulla
559 3318 593 3379 fit
613 3318 732 3381 metrtio
752 3318 875 3397 puellae
896 3333 990 3397 quam
1011 3323 1093 3374 amet
1113 3306 1182 3393 (va-

161 3432 256 3493 cabat
276 3430 359 3493 enim
380 3410 517 3516 amore),
545 3452 616 3494 enar
639 3444 742 3493 tamen
763 3431 797 3490 in
820 3426 956 3490 carmine
975 3423 1015 3487 ad
1037 3424 1180 3488 Messali-
1270 3494 1275 3504 ι

160 3566 254 3623 num,
276 3565 339 3629 qun
360 3558 504 3628 tempore
525 3544 685 3607 Nemesim
704 3563 809 3606 amare
830 3550 989 3621 coeperat,
1009 3538 1101 3605 etiam
1122 3556 1181 3599 no·

160 3678 237 3720 sum
256 3658 344 3721 bunc
363 3678 506 3723 morsm
524 3676 768 3722 commemorare
789 3674 855 3717 non
873 3653 1081 3718 obliviscatur.
1124 3648 1182 3710 Sa·

162 3772 201 3835 tis
221 3771 264 3835 de
282 3773 345 3837 his.

243 3887 452 3954 Per-venimus
475 3910 562 3952 nunc
583 3910 621 3953 eo
642 3894 679 3952 bt
706 3888 747 3953 de
766 3889 880 3953 Nemea·
905 3883 1036 3947 dicatur.
1077 3880 1181 3943 Dubi-

161 4004 219 4065 tari
239 4006 349 4088 neqnit
371 4007 470 4071 luisse
494 4009 578 4083 barac
593 4006 789 4069 meretricem
809 4003 945 4065 maxime
967 3998 1134 4080 superbam
1149 4009 1180 4058 et

164 4136 302 4199 avaram,
332 4135 364 4184 et
386 4124 479 4187 nnllo
500 4135 642 4206 tempore
663 4123 720 4185 uni
746 4121 876 4182 Tibullo
904 4114 1069 4190 addictam,
1100 4131 1181 4196 quae
1195 4146 1209 4163 ·-
