3009 4725
584 390 770 460 TIBULLI.
919 451 921 454 ,
1156 420 1208 460 eur

172 570 291 634 tulisse
319 585 402 631 sero
431 584 517 626 nune
545 562 690 627 meliores
714 582 842 641 sensns,
870 577 903 627 nt
926 575 1000 630 sunt
1021 569 1076 650 qui
1097 570 1202 653 inepte

171 684 318 761 meent,
350 682 511 746 maximus
532 699 623 742 error
645 692 693 742 est
714 693 746 741 et
764 680 854 743 nullo
875 679 970 745 modo
999 685 1061 748 bne
1087 689 1202 767 proba·

172 803 266 865 veris.
316 798 421 864 Ardet
451 795 579 882 qudem
609 817 696 859 nnnc
723 797 951 861 uehementiori
980 802 1110 879 effectu,
1147 801 1202 868 sed

175 914 317 976 amabilis
345 912 471 976 insanus
499 910 582 988 eius,
613 909 640 973 si
667 911 806 993 excipias
827 932 923 974 carm.
943 913 983 990 Π,
1006 914 1037 976 4.
1067 927 1097 976 et
1120 936 1200 979 non-

180 1031 268 1093 nulis
287 1029 322 1090 ln
342 1028 451 1090 ultime
478 1024 521 1089 ed
541 1026 667 1090 Deliam
688 1026 803 1107 elegia3
830 1028 952 1111 quaerit
978 1027 1109 1091 calidius
1135 1051 1201 1093 am·

180 1144 311 1224 plexum
340 1151 475 1218 amatae,
509 1137 566 1202 sesi
595 1139 690 1202 enimi
717 1139 811 1202 simul
840 1142 1023 1218 harmonia,
1056 1161 1201 1208 summm

176 1259 303 1342 requies
322 1254 362 1318 sd
382 1268 506 1338 tempus
527 1254 618 1320 reddi
641 1254 809 1319 videbatur
828 1256 863 1318 in
885 1257 955 1322 sinu
977 1259 1111 1340 puellae,
1132 1260 1200 1322 sine

177 1391 241 1455 qus
264 1371 371 1436 virere
393 1371 542 1460 nplebnt,
567 1389 631 1453 quo
653 1388 779 1450 semper
797 1370 957 1436 ferebatur
976 1384 1043 1437 toto
1063 1385 1200 1454 pectore

173 1487 247 1552 Post
268 1486 382 1550 Deliae
404 1484 534 1569 quidem
556 1483 720 1567 perfidiam
741 1505 857 1548 exosos
884 1488 1005 1568 puellus
1026 1487 1067 1551 ed
1089 1487 1196 1550 Mere-

174 1603 221 1664 tlii
247 1623 340 1665 usum
360 1601 521 1666 aberravit
541 1601 673 1684 opinor,
704 1614 735 1664 et
762 1602 877 1665 talibus
898 1602 1086 1666 carminibus
1106 1604 1198 1680 lusit3

179 1716 240 1778 alio
259 1735 339 1780 sero
358 1727 501 1798 tempore
520 1740 539 1779 e
560 1715 696 1797 Glycera
717 1712 858 1778 desertus
884 1715 1054 1800 sapientius
1081 1718 1115 1778 in
1142 1738 1197 1779 ru-

184 1830 279 1892 stieee
291 1831 375 1896 titre
390 1832 641 1913 tranquillitatem
660 1830 821 1895 secessisse
835 1831 943 1916 ibique
960 1830 1086 1896 ridetur
1100 1849 1196 1916 quae-

177 1946 292 2011 sivisse
312 1943 426 2009 solatis
447 1943 574 2023 dotem,
593 1945 677 2010 uncle
699 1960 810 2028 postes
829 1960 983 2010 retractus
1001 1950 1036 2009 in
1055 1947 1197 2010 Nemesis

174 2082 317 2126 amomm
337 2071 507 2143 postquam
526 2074 678 2124 crescente
693 2060 808 2124 morbo
829 2059 926 2122 enimi
940 2059 1112 2120 infaustum
1131 2078 1198 2145 ear·

172 2200 246 2244 men
267 2179 307 2254 Π,
331 2178 361 2239 4.
390 2176 572 2258 saepserat,
597 2190 702 2240 temen
726 2197 822 2261 qnam
842 2177 969 2242 mollem
995 2176 1029 2237 in
1051 2176 1197 2237 affectum

174 2295 265 2356 etiarn
279 2293 358 2355 haee
371 2291 477 2375 poesis
493 2290 608 2354 desinit
626 2293 660 2353 in
678 2303 778 2357 sexte.
821 2292 966 2357 Profecto
991 2292 1101 2375 dignus
1121 2304 1196 2368 erat,

86 2486 92 2497 Ι
177 2410 292 2493 siquis
315 2410 408 2488 alins,
426 2408 557 2471 meliore
581 2420 667 2471 sorte
689 2408 826 2489 optimus
849 2407 959 2491 poeta!

259 2520 322 2586 ssd
342 2533 531 2604 pertenuem
553 2542 638 2583 nuno
659 2542 698 2586 eo
722 2535 784 2602 est,
813 2536 848 2586 ut
872 2523 911 2587 de
933 2529 1045 2587 tuentis
1061 2535 1093 2586 et
1117 2544 1194 2607 que·

172 2638 310 2703 rimorsia
331 2635 528 2701 Tibullianee
549 2654 682 2718 poeseos
704 2634 837 2699 dicetur.

217 2749 374 2810 Versibus
392 2748 553 2830 impariter
576 2750 691 2813 iunctis
712 2750 910 2834 querimonia
930 2750 1076 2832 primum,

219 2865 298 2926 Post
318 2863 407 2925 suam
429 2864 551 2929 inclusa
571 2853 621 2927 'est
640 2864 707 2930 toti
730 2862 883 2929 sententia
904 2881 1043 2943 compos.
1068 2862 1196 2924 Houur.

171 2980 274 3043 Nullo
302 2980 439 3043 camnine
469 2979 616 3043 Tibullus
642 2993 838 3045 venustatem
868 2979 989 3043 formae
1018 2988 1197 3055 ceterasque

169 3095 282 3159 leudes
304 3097 483 3179 puellarum
506 3097 637 3159 suarum
664 3095 777 3160 diserte
807 3092 975 3157 celebravit
1003 3105 1039 3154 ut
1061 3091 1197 3172 Proper·

169 3215 253 3291 tius,
281 3233 341 3275 nec
363 3209 478 3293 gaudia
498 3214 614 3275 amoris
639 3224 788 3294 percepta
810 3214 850 3276 ab
876 3232 915 3275 eo
937 3213 1006 3272 ceni
1027 3210 1110 3289 dixi,
1141 3210 1196 3272 sed

168 3329 248 3392 talia
266 3349 391 3412 semper
409 3340 550 3410 tempore
568 3325 732 3399 martensis
752 3328 893 3410 sumpsit,
911 3327 968 3389 ubi
982 3328 1196 3412 querimoniae

168 3444 262 3507 locus
283 3454 379 3519 esset,
404 3443 533 3506 nonnisi
554 3442 698 3522 dissidia,
721 3446 825 3521 rixas,
853 3445 973 3555 claves
994 3445 1095 3523 fores,
1117 3442 1197 3510 desi·

168 3556 276 3634 deria,
302 3570 393 3634 rota,
423 3559 664 3637 obtestationes,
692 3580 800 3636 cures,v
828 3559 1037 3640 suspiciones,
1063 3555 1198 3633 dolores,

168 3671 300 3735 timores
323 3670 440 3734 amoris
465 3673 615 3755 loquens,
638 3670 731 3735 'unde
755 3673 790 3734 in
817 3672 1045 3754 Epigrammate
1066 3667 1206 3730 Domitii.

168 3785 271 3848 llerei
291 3784 416 3849 flexisse
437 3784 553 3849 dicitnr
574 3790 665 3867 elegis
690 3808 824 3851 amores.
873 3789 1102 3849 Perlustremus
1126 3785 1199 3844 bre·

167 3900 251 3962 riter
271 3900 407 3978 sinonis.
450 3901 547 3980 Igitur
569 3898 875 3987 osopuulovoisiepa
897 3911 979 3975 sunt,
1002 3909 1036 3957 ut
1054 3896 1127 3957 binc
1149 3896 1198 3957 in·

171 4014 335 4094 cipimus,
357 4014 528 4079 seeundum
553 4028 583 4077 et
605 4017 749 4097 quintum
773 4037 896 4079 carmen
919 4017 992 4078 libri
1014 4013 1118 4094 priori.
1162 4015 1197 4072 lu

174 4129 227 4190 illo
249 4129 396 4212 queritur
418 4131 560 4196 custodio
580 4133 683 4196 mariti
706 4134 824 4195 clausas
847 4132 931 4193 iores
960 4142 990 4190 et
1012 4127 1199 4210 persuadere
