3009 4725
503 247 615 313 Llntt.
638 253 678 312 ll.
723 250 846 314 ELEG.
867 254 910 316 V.
1163 268 1226 324 29⁵

203 433 293 504 cigna,
309 425 430 501 gaudete
448 421 535 475 coloni
554 429 604 477 ete
625 420 709 478 ,Narn
728 420 791 474 illud
809 420 913 490 quidem
933 424 1009 480 iacsso
1027 427 1123 494 vldear,
1141 426 1224 498 hypo·

204 533 329 586 theticaru
347 525 505 580 sententiam
522 523 584 576 terri
604 538 657 576 non
675 538 769 592 poene,
787 523 834 575 aed
852 531 923 576 certa
941 541 1017 594 epea,
1036 534 1123 581 certon
1145 543 1224 581 even-

203 639 245 683 tna
261 626 425 681 describitur.
462 622 542 677 Quod
562 621 675 689 denique
693 622 809 673 Voaarua
826 622 931 691 aoripait
949 624 1007 690 uti,
1033 633 1078 679 aut
1096 606 1224 682 editiones

202 732 302 796 aliquot
320 727 421 794 priores
442 721 538 776 babent
557 733 589 773 ut
608 722 723 778 laurus,
748 720 821 773 nihili
839 727 896 787 eat3
925 739 1001 790 quam
1026 727 1137 779 ieiunum
1160 727 1242 780 ῑιιῃᾱ.

202 827 396 883 exclamationia
414 840 499 892 genua
523 821 573 875 lroe
598 824 658 875 loeo
681 825 730 888 nit,
758 823 815 892 ipse
838 826 934 891 nentia,
960 825 1004 877 uri
1027 844 1089 881 vero
1115 845 1147 881 ua
1171 830 1223 882 dici

201 931 306 1000 quidem
333 931 359 980 iu
387 926 577 980 exclamatione
609 924 772 977 Huacurrrna
806 925 857 976 ianr
886 928 993 982 monuit
1044 938 1130 998 Atque
1158 930 1223 986 liaeo

203 1031 336 1085 lraeteuua.
373 1026 427 1081 Sed
447 1032 586 1094 antequam
614 1039 770 1094 pergamus,
798 1029 989 1093 praemonenda
1016 1034 1138 1085 nonnulla
1161 1040 1221 1087 sunt

203 1132 236 1185 de
261 1132 361 1183 ratione
386 1127 567 1196 descriptionis
593 1125 734 1194 sequentia.
770 1123 888 1193 Egregia
913 1126 1034 1181 observat
1058 1130 1219 1184 Hnaonrror

203 1230 335 1284 felicitatis
361 1227 480 1296 publicae
508 1234 640 1276 momenta
666 1220 723 1273 trio
749 1237 829 1291 aaepa
855 1224 924 1292 apnd
951 1231 1053 1278 veteres
1081 1230 1221 1297 scalptores

203 1319 326 1394 coniungi
347 1324 425 1389 hatte,
438 1324 559 1395 frugum
578 1319 744 1375 ubertatem,
757 1318 885 1388 feturam
900 1340 1020 1394 gregum,
1038 1335 1222 1378 matronarum

198 1425 405 1496 secunditatem.
448 1424 495 1477 Sin
520 1423 668 1476 Eunonen.
695 1422 741 1487 lli,
768 1426 820 1475 65:
857 1423 916 1473 Kal
940 1423 1026 1475 ταῦτα
1052 1428 1097 1485 μὶν
1123 1428 1221 1479 ποιοῦσι

203 1516 264 1583 ὑμῖν
280 1523 322 1590 γῆ
338 1539 372 1571 τε
391 1516 518 1591 notendo
535 1522 672 1589 ἐκφέροι
690 1523 749 1570 καὶ
765 1491 930 1584 pervolate
946 1541 982 1574 τε
1001 1529 1058 1576 καὶ
1078 1537 1221 1586 ποῖμναι

202 1628 368 1682 τίκτοιεν,
385 1621 454 1673 ἰοῦσι
469 1622 495 1678 ἐς
512 1617 558 1671 τδι
574 1613 679 1673 ἄτοπα
695 1615 789 1690 χρόνον
807 1619 978 1692 ἰλιυθίροισι·
997 1618 1034 1692 μή
1052 1618 1219 1683 ἀνασωσαμέ-

201 1715 268 1772 νοισι
290 1721 319 1772 ot
342 1714 390 1788 τήν
414 1715 497 1790 ἀρχήν
517 1749 549 1760 -
565 1716 604 1772 τοὶ
619 1724 724 1773 ἐναντία
745 1714 863 1774 τούτοισι
886 1717 995 1793 ἀρέομαι
1011 1717 1072 1784 ὑμῖν
1089 1727 1220 1788 γενέσθαι.

203 1820 305 1874 Laudat
329 1837 407 1890 porro
431 1824 581 1875 Aeraroen.
607 1824 850 1891 Ροι.1311οοο.,
882 1825 966 1877 Soen.
992 1824 1064 1875 Ono.
1090 1824 1124 1875 lt.
1151 1827 1222 1891 lte,

202 1923 342 1986 Aesonio.
380 1921 516 1976 Eumenid.
550 1926 613 1975 905.
669 1922 766 1977 Videat
801 1923 871 1977 idern
904 1924 931 1977 ln
964 1923 1080 2000 ῌοιιοοι
1116 1916 1220 1990 '‘Epyom

200 2028 255 2077 ἣδε
272 2041 327 2092 eqq.
371 2027 456 2092 Atque
484 2024 534 2078 boc
559 2039 629 2077 nnnc
656 2026 734 2079 etianr
761 2025 895 2079 Tibullum
921 2025 1065 2078 videbimur
1091 2029 1218 2088 necatum,

201 2128 245 2194 qul
263 2128 373 2195 primum
388 2127 479 2196 fruges
496 2143 544 2180 aaa
563 2127 686 2181 Cererem
705 2133 732 2180 et
749 2128 852 2192 vinum,
870 2126 964 2180 deinde
982 2126 1131 2195 pecuariam
1153 2139 1218 2191 renr,

200 2227 310 2294 denique
329 2243 466 2296 puerorum
485 2229 581 2281 laetum
599 2235 752 2296 proventum
769 2234 962 2283 commemorat.
999 2228 1136 2281 Postremo
1152 2224 1219 2279 huno

200 2330 286 2383 locoru
305 2330 401 2383 claudit
427 2331 604 2399 descriptione
629 2330 689 2383 testi
708 2332 801 2385 ruralia
820 2331 937 2385 lautioris
955 2332 981 2384 in
1000 2328 1085 2384 herbia
1103 2328 1164 2382 acti.
1183 2354 1218 2368 -

201 2428 403 2494 Diateudet,
421 2430 552 2497 implebit,
570 2437 600 2483 ut
617 2431 703 2485 Vrec.
724 2431 825 2496 Georg.
843 2430 890 2495 lv,
910 2434 976 2483 164:
996 2439 1024 2479 et
1041 2427 1145 2501 liquido
1162 2427 1220 2478 dic·

201 2525 316 2577 tendunt
338 2535 446 2577 nectara
469 2524 560 2578 cellar.
597 2525 673 2580 eorl.
693 2526 843 2579 Bunuanrt.
863 2525 896 2578 ad
917 2524 1020 2578 Antinoi.
1039 2527 1097 2578 Lat.
1115 2526 1137 2592 1,
1157 2527 1218 2591 tlt,

201 2627 294 2679 28.-
311 2625 396 2678 Porro
414 2625 555 2677 Oblitus
573 2631 684 2677 murto
702 2623 875 2687 rusticae,
891 2628 984 2692 utpote
1002 2624 1101 2675 naviter
1117 2625 1220 2676 caleam

200 2737 319 2789 maguam
341 2724 450 2791 copiam.
468 2752 504 2765 -
531 2726 631 2778 laona
655 2724 761 2777 luerunt
786 2739 846 2776 vana
864 2723 949 2792 ample
967 2720 1091 2788 (Kofen)
1110 2726 1140 2771 ut
1156 2737 1220 2774 eon-

200 2830 266 2888 atnt,
291 2825 316 2876 in
340 2825 433 2891 quibua
459 2831 571 2879 martum
592 2828 703 2895 primunr
724 2840 877 2894 expressum
901 2820 1090 2891 recipiebatur;
1117 2820 1220 2874 Dolia

200 2938 271 2989 vero,
289 2924 315 2975 in
333 2924 426 2990 quibua
444 2924 585 2979 ebulliebat
599 2932 713 2980 innatum
731 2932 759 2979 et
778 2924 961 2978 defaecabatur
975 2919 1124 2988 (Torum).
1142 2918 1219 2971 cero

200 3021 234 3074 de
252 3022 294 3075 Re
312 3022 388 3075 Ruti.
408 3039 432 3075 c.
453 3028 520 3076 113:
548 3027 591 3075 De
616 3022 680 3076 lacu
707 3024 904 3097 quamprimum
930 3021 1022 3073 viuum
1039 3020 1068 3068 t'n
1087 3015 1159 3068 dolio
1176 3015 1219 3066 in-

198 3118 264 3171 diro.
300 3124 368 3172 Poat
386 3120 442 3174 dieo
459 3125 514 3172 XL
533 3122 682 3192 diffundite
699 3124 729 3175 in
746 3123 899 3194 amphorae.
915 3150 951 3163 -·-
977 3121 1010 3174 V.
1024 3123 1060 3172 8¹(
1073 3134 1130 3188 aqq.
1168 3119 1220 3172 Ac·

200 3219 271 3272 cedit
295 3221 328 3273 ad
352 3222 461 3274 alterurn
486 3221 618 3276 felicitatis
636 3224 759 3292 publioae
776 3230 945 3277 momentum.
981 3223 1097 3275 Sennea:
1126 3220 1221 3275 Floro·

201 3316 240 3370 bit
258 3319 337 3372 etiam
356 3336 398 3372 rea
416 3322 546 3388 pecuaria.
582 3321 637 3373 Sed
658 3338 705 3390 pro
728 3320 779 3374 boe
797 3323 834 3374 ita
851 3321 931 3374 dicite
959 3322 1054 3375 Pastor
1073 3334 1134 3374 tero
1152 3321 1221 3375 laete

196 3420 324 3475 Palilia
349 3439 397 3476 aua
416 3423 562 3478 celebrabit
578 3436 626 3490 pro
644 3422 709 3474 flora
726 3421 765 3474 rei
782 3422 928 3489 pecuariae.
965 3423 1030 3475 Acta
1048 3436 1110 3475 vero
1127 3421 1222 3474 Palilia

196 3518 222 3571 d.
239 3521 313 3575 XXI.
332 3524 394 3593 Apr.
439 3521 598 3576 Luatrabant
623 3536 731 3587 gregem
756 3537 824 3587 aqua
848 3538 938 3591 aperta
957 3530 985 3577 et
1009 3523 1097 3589 lamo,
1124 3523 1219 3577 offere·

198 3615 260 3667 bant
277 3620 334 3671 Pali
351 3622 430 3677 libam
448 3622 483 3675 de
500 3621 573 3675 milio
592 3625 620 3673 et
637 3621 740 3687 signum
760 3620 817 3673 eiua
833 3626 1044 3690 conapergebaut
1062 3625 1141 3686 laute,
1158 3636 1219 3690 pre-

199 3721 290 3766 canter
308 3722 338 3767 ut
354 3734 462 3786 gregem
482 3738 542 3774 curo
566 3722 691 3789 magistro
710 3728 843 3786 remanet,
871 3722 947 3789 lupoe
973 3727 1105 3775 averteret
1122 3725 1149 3772 et
1169 3720 1219 3785 lar,

199 3828 321 3880 coaeum,
347 3834 431 3885 agneo
456 3825 593 3893 lanamque
618 3826 691 3890 large
722 3826 840 3879 donaret.
877 3822 946 3874 Tum
971 3823 1021 3891 ipal
1045 3828 1163 3891 pastores
1181 3821 1221 3871 lac
1244 3878 1256 3894 Α

201 3908 327 3967 bibebant
352 3923 380 3967 et
403 3934 509 3988 rapam,
536 3941 645 3994 verpere
663 3932 753 3986 antem
778 3927 835 4003 poti
852 3923 1031 3977 transiliebant
1048 3921 1159 3990 atipnlae
1178 3936 1222 3972 ar·

199 4012 287 4066 dentis
304 4030 416 4070 acerroa
433 4019 592 4079 lustrationis
609 4044 694 4081 ceusu
735 4032 834 4097 Confer
852 4025 885 4081 de
903 4022 942 4078 bia
959 4021 1038 4074 rebur
1055 4021 1139 4074 Orto.
1150 4019 1223 4073 Faat.
