3009 4725
297 342 338 404 42
539 346 819 416 COMMENTAR.
840 348 887 413 IN
908 350 1081 414 TIBULLI

295 516 380 569 Porro
406 531 470 569 care
497 518 716 585 praepositionem
743 533 802 571 mm
820 519 919 572 Vossno
946 519 1059 592 deleas,
1079 523 1123 589 qni
1143 524 1227 592 iungit
1246 527 1316 580 mari

295 625 404 681 nutum,
431 623 461 668 ut
486 617 618 687 sunguine
642 628 744 670 natum.
782 617 836 671 Sed
861 618 960 686 prodiit
985 620 1073 673 Venus
1096 636 1112 673 e
1141 623 1222 686 mari,
1255 632 1315 676 nata

292 729 384 783 spuma
402 715 553 781 genitalium
572 717 655 781 coeti,
673 718 743 784 qnod
762 718 880 771 distinxit
899 718 967 770 bene
983 719 1111 770 Tibullus.
1149 721 1312 787 Quamquam

294 814 375 880 igitur
392 815 457 867 atlas
474 815 553 868 etiam
571 835 586 866 e
603 818 736 888 sangnine
754 819 812 884 qais
832 824 907 870 natus
925 818 1021 869 dicitur
1039 825 1128 884 recte,
1156 817 1205 872 boe
1224 825 1311 874 tamen

292 916 352 968 loco
369 931 419 968 non
438 916 546 976 dixisset
564 918 600 971 ita
617 924 711 987 poeta,
737 919 838 970 etiamsi
856 934 905 987 per
922 924 1033 971 metrum
1053 919 1185 984 licuisset,
1204 929 1313 990 propter

290 1019 370 1081 iliad,
397 1020 467 1087 quod
486 999 611 1085 indicavi,
637 1020 786 1073 discrimen.
802 1047 839 1058 -
863 1020 1004 1089 rapido,
1031 1027 1110 1074 recte.
1147 1023 1241 1075 Lectio
1264 1040 1312 1073 rc-

291 1115 351 1168 bs'rto
376 1120 480 1171 nimiam
507 1119 628 1171 ferociam
653 1118 738 1172 inient.
789 1118 881 1185 Neque
907 1134 970 1171 vero
1003 1120 1116 1173 otiosum
1141 1127 1182 1173 est
1207 1122 1310 1190 rapido.

291 1214 340 1267 Est
358 1215 462 1282 quidem
486 1218 592 1268 solenne
616 1217 750 1268 fluviorum
773 1221 802 1268 et
820 1216 899 1268 maris
919 1223 1027 1284 propter
1044 1220 1209 1272 uelocitatem
1229 1220 1311 1273 unda-

291 1330 349 1368 rum
368 1314 499 1382 epitheton
519 1312 584 1379 (das
601 1313 732 1364 reinsende
749 1314 851 1382 Meet),
870 1321 899 1367 ut
918 1307 983 1368 inir'a
1000 1316 1046 1382 lV,
1067 1321 1168 1381 1,]26.
1189 1326 1216 1371 et
1232 1335 1312 1388 saepe

291 1412 370 1478 silas,
388 1411 479 1465 sedin
497 1411 542 1463 tali
560 1427 643 1477 nexu,
670 1412 755 1479 qualis
774 1410 830 1476 bic,
852 1412 926 1465 vides
944 1414 1001 1482 ipae
1020 1418 1183 1485 rapacitatis,
1208 1418 1312 1483 luroris,

290 1513 414 1565 saevitiae
433 1512 563 1565 notionem
581 1519 674 1581 sponte
691 1512 825 1565 accedere.
862 1509 982 1581 lienique
1002 1516 1036 1567 de
1055 1524 1110 1569 tota
1128 1517 1257 1569 sententia
1276 1516 1311 1571 ci.

289 1611 323 1663 ad
342 1611 389 1676 lli,
409 1614 436 1672 4,
454 1614 499 1665 85.
536 1613 622 1679 Atque
642 1611 707 1665 haec
723 1612 856 1668 lractenus.
875 1644 911 1654 -
939 1616 1104 1684 Peringimus
1124 1619 1230 1685 primam
1252 1625 1311 1685 post

290 1710 424 1762 irrtroitum
438 1716 539 1779 partem
558 1712 687 1775 carminis,
705 1717 733 1763 et
751 1719 889 1779 postquem
907 1714 1011 1781 singula
1031 1715 1212 1782 explicuimus,
1230 1721 1311 1766 restat

290 1811 363 1862 utin
381 1812 432 1863 fiae
451 1809 482 1861 ds
501 1818 558 1862 toto
576 1812 697 1863 nonnulla
715 1811 849 1866 addamus.
887 1814 982 1868 Vidisti
999 1815 1133 1868 Tibullum
1152 1832 1210 1869 cum
1229 1817 1310 1868 auda-

289 1908 356 1960 ciam
374 1909 465 1961 Deliae
483 1907 580 1961 addere
599 1910 669 1974 velit,
685 1909 710 1961 id
730 1926 810 1978 agere
828 1928 876 1980 per
894 1919 977 1965 totum
998 1914 1083 1967 iocum
1103 1921 1132 1967 ut
1150 1920 1264 1966 amantes
1282 1915 1307 1963 in

289 2008 418 2077 praesidio
438 2008 547 2060 Veneris
565 2024 623 2061 esse
640 2008 775 2075 ostendat,
802 2026 869 2077 quaa
887 2018 957 2081 artes
976 2011 1085 2064 furtivas
1103 2013 1196 2064 doceat
1213 2012 1305 2077 quibus

289 2109 379 2162 tallere
397 2110 462 2161 aiios
480 2110 592 2178 possint,
616 2126 684 2177 quae
705 2112 821 2178 pericula
839 2122 928 2165 arceat
946 2118 1071 2164 nocturne
1089 2117 1116 2162 et
1141 2109 1231 2161 hiemis
1248 2124 1305 2160 mo·

287 2212 378 2263 lestiae
395 2210 474 2263 lactat
492 2226 524 2262 ue
542 2218 667 2277 noceant,
695 2228 762 2278 quae
783 2213 894 2280 denique
918 2210 1061 2280 proditores
1080 2210 1201 2273 loquaces
1220 2207 1304 2258 iurto·

290 2323 347 2362 rum
366 2311 464 2379 puniat
500 2310 561 2362 Hoc
586 2311 654 2362 enirn
680 2318 812 2378 postremo
831 2310 927 2362 dictum
945 2308 970 2358 iu
988 2308 1020 2358 iis
1039 2302 1104 2357 ine'st
1125 2320 1192 2372 quae
1210 2304 1304 2357 iudea

288 2424 313 2460 ι·.
330 2412 374 2461 35.
393 2409 495 2475 legisti3
523 2411 601 2462 etiam
619 2409 767 2478 proditores
787 2409 859 2461 Delia
877 2423 910 2459 ne
927 2406 1002 2458 nimis
1021 2407 1125 2470 timeat,
1149 2405 1193 2471 qni
1211 2405 1305 2458 marito

288 2509 406 2561 nuntient
424 2513 517 2576 poetae
535 2509 597 2574 rias,
614 2508 747 2560 ulciscitur
765 2507 852 2559 Venus
869 2505 1022 2574 proditores.
1058 2505 1203 2570 sicigitur
1221 2504 1306 2556 omnia

287 2613 355 2664 bene
373 2611 466 2664 eodem
484 2610 595 2664 redeunt
612 2618 640 2664 et
658 2613 747 2664 subest
765 2626 816 2661 una
833 2609 961 2662 sententia
980 2610 1115 2660 universae
1134 2608 1215 2676 parti,
1233 2609 1307 2659 cuius

286 2718 340 2765 tres
359 2712 408 2764 loci
427 2726 493 2765 nunc
512 2713 590 2765 etiam
610 2712 720 2764 observa
744 2728 821 2781 qnam
848 2711 962 2764 auaniter
988 2711 1048 2762 nexi
1074 2710 1133 2760 aiut.
1177 2708 1243 2761 Nam
1262 2722 1304 2758 se-

287 2815 386 2867 cundus
405 2813 477 2866 iocus
497 2812 535 2878 (ι.
553 2813 655 2878 25-32)
682 2813 793 2880 ριίιιιιιιιι
812 2811 918 2863 adiuvat
936 2810 1148 2875 antecedentem,
1175 2811 1306 2862 luculenta

287 2917 368 2968 tutela
392 2914 515 2977 Veneria,
543 2925 620 2977 quam
645 2909 781 2976 experitur
805 2923 856 2959 non
885 2908 991 2961 timidus
1016 2925 1100 2976 neque
1126 2910 1195 2961 iners
1220 2914 1306 2976 poeta,

287 3016 398 3083 probans
417 3022 444 3066 et
468 3013 622 3065 confirmans
646 3008 726 3060 sortes
745 3007 861 3060 adiuvari
882 3025 898 3060 a
923 3010 1035 3062 Venere.
1082 3007 1304 3066 Quemadmodum

285 3120 372 3167 atatem
391 3113 470 3182 priori
488 3112 632 3175 succurrit,
657 3111 692 3161 ita
711 3109 745 3160 ab
763 3110 845 3165 altera
863 3118 939 3179 parte
958 3110 1117 3163 hortationes
1136 3108 1257 3176 pulclnae
1277 3110 1303 3159 in

288 3216 365 3267 tertio
383 3215 484 3282 positae
500 3225 533 3262 ex
552 3224 585 3260 eo
603 3209 655 3260 rim
673 3224 747 3261 sunm
769 3209 885 3262 ducunts
904 3227 985 3277 quare
1004 3211 1030 3262 in
1049 3209 1108 3273 tali,
1127 3208 1224 3273 iuquit,
1241 3207 1306 3259 deae

287 3318 369 3368 tutela
387 3316 431 3380 qni
449 3319 504 3378 ast,
530 3326 588 3364 eum
608 3310 687 3362 etiam
706 3310 869 3379 proditorum
889 3316 982 3362 caveat
999 3325 1031 3360 ne
1051 3312 1140 3373 tangat
1158 3303 1304 3371 loquacitas

287 3415 428 3467 Attendaut
445 3413 478 3465 ad
498 3413 573 3476 taiia,
592 3410 636 3477 qui
654 3416 737 3463 artem
757 3410 850 3462 abesse
867 3426 882 3461 a
901 3409 1008 3459 Tibullo
1026 3406 1171 3472 opinantur.

358 3513 389 3564 V.
415 3515 522 3564 43-60.
563 3509 711 3564 Medium
740 3523 884 3564 carmen.
927 3507 1047 3557 Altera
1077 3517 1154 3570 pars
1183 3514 1303 3553 rerum.

286 3614 332 3665 Ut
348 3612 456 3664 minus
473 3609 575 3661 etiam
594 3611 747 3678 periculi
766 3608 830 3669 sit,
855 3608 958 3672 poeta
975 3617 991 3653 a
1008 3616 1090 3666 saga
1114 3599 1216 3650 docta
1234 3615 1305 3652 car-

285 3726 356 3764 men
375 3708 542 3775 magicum
566 3723 603 3760 se
627 3708 715 3762 dicit
734 3706 955 3776 postulasse,
982 3701 1069 3770 quod
1089 3709 1141 3754 ter
1160 3717 1305 3769 pronun-

283 3817 407 3869 tiatam
426 3829 442 3866 a
461 3811 565 3864 Delia
583 3817 726 3864 mentem
752 3808 870 3862 mariti
896 3806 1161 3859 obcaecatorum
1186 3803 1245 3867 sit,
1272 3810 1308 3854 ut

283 3930 346 3969 non
366 3913 486 3967 credat
504 3909 589 3963 baec
608 3909 700 3961 sarta
718 3924 781 3961 nec
799 3906 930 3959 vidant.

356 4013 395 4064 De
414 4009 505 4079 magia
529 4006 597 4075 apud
617 4008 735 4057 Graecos
753 4012 781 4056 et
800 4005 934 4056 Ronlanos
953 4003 1011 4055 ride
1030 4002 1233 4052 iVacnsuurnn
1253 3996 1306 4049 dis·

282 4110 448 4162 sartationum
475 4106 500 4157 in
527 4102 660 4156 Athenaeo
689 4101 722 4152 ab
748 4103 805 4167 ipso
834 4109 861 4154 et
889 4103 1050 4180 Giunnnno
1077 4098 1163 4161 edito,
1189 4097 1247 4148 Vol.
1272 4092 1306 4145 li.
