3009 4725
605 381 792 448 TlBULLl.
1112 412 1217 455 oxnvu

189 557 296 623 Venio
320 556 360 621 ad
383 556 482 621 'alium
503 558 618 620 locum.
660 551 777 618 Vidisti
799 576 895 643 supra
916 561 1013 626 haec:

183 687 189 692 ’
274 674 343 736 Vos
367 683 455 733 tenet
476 668 612 732 Etruscis
633 681 739 733 manat
763 691 844 753 quae
866 672 1006 736 fontibus
1029 674 1130 754 unda,

317 782 415 848 Unda
438 786 497 845 sub
521 783 672 846 aestivum
694 802 760 852 non
784 781 928 847 adeunda
950 784 1083 866 Canem,

274 897 368 960 Nunc
391 910 498 964 autem
518 894 614 959 sacris
634 895 786 957 Baiarum
809 898 955 977 proxima
976 899 1129 981 lymphis,

319 1009 399 1071 Cum
419 1031 452 1072 se
475 1025 640 1092 purpureo
664 1028 738 1072 vere
760 1009 891 1071 remittit
912 1011 1039 1074 humus.

193 1120 255 1181 llic
284 1120 441 1203 superflua
467 1135 514 1185 est
546 1121 721 1203 oppositio=
757 1119 843 1184 unda
871 1123 930 1183 sub
962 1125 1115 1186 aestivum
1147 1142 1213 1184 non

194 1229 339 1296 adeunda
362 1231 492 1313 Canem,
523 1246 562 1297 nt
587 1232 667 1295 uidit
692 1233 754 1298 iam
778 1233 932 1317 Heynius.
977 1232 1123 1298 'Omnino
1152 1233 1213 1297 dici

190 1344 342 1409 debebat:
357 1348 431 1422 ¹Vos
452 1360 554 1424 tenet,
577 1345 715 1409 Etruscis
738 1359 843 1408 manat
862 1370 944 1431 quae
965 1350 1105 1412 fontibus
1128 1348 1212 1411 unda

188 1461 336 1522 Baiarum
356 1460 503 1543 proxima
525 1460 673 1543 lymphis.
715 1458 814 1522 Vides
837 1475 871 1522 ut
891 1464 981 1525 vario
1002 1461 1112 1541 modo,
1136 1464 1211 1526 alias

189 1575 293 1652 aliter,
321 1588 428 1656 peccet
449 1572 640 1659 Lygdamus.
683 1570 772 1634 Adde
795 1594 878 1637 nunc
899 1575 960 1637 alia
979 1575 1131 1639 mendosa
1155 1575 1210 1653 Ill,

192 1693 225 1762 1,
247 1694 277 1748 8.
298 1693 316 1747 9
339 1700 370 1750 et
393 1692 445 1749 16.
472 1688 533 1766 111,
550 1694 588 1767 2,
608 1687 678 1749 init.
708 1687 767 1763 lll,
789 1691 824 1765 3,
845 1693 886 1748 27
903 1707 971 1771 sqq.
995 1691 1066 1751 coll.
1083 1694 1122 1750 35
1141 1710 1212 1772 sqq.

190 1801 293 1861 Porro
313 1801 377 1875 111,
399 1802 437 1876 t,
460 1805 510 1862 11.
526 1801 580 1874 40.
595 1800 649 1862 41.
667 1801 721 1862 42.
741 1806 794 1863 51.
812 1805 865 1863 52.
885 1805 936 1863 68.
956 1806 1007 1864 71.
1036 1802 1098 1879 ΠΙ,
1120 1809 1155 1881 5,
1178 1809 1210 1863 8.

194 1922 225 1970 et
254 1929 334 1991 quae
362 1923 525 1992 praeterea
550 1913 584 1972 in
608 1910 843 1975 Commentario
873 1925 1030 1976 notamus.
1077 1915 1143 1976 Iam
1169 1913 1208 1976 ad

190 2023 355 2087 Tibullum
380 2035 582 2088 reuertamur.

680 2223 719 2284 B.

250 2365 423 2449 Postquam
452 2361 625 2444 generatim
658 2360 698 2425 de
730 2361 907 2427 elocutione
940 2362 1059 2435 Tibulli
1092 2364 1206 2428 dicurm

191 2488 253 2552 est,
290 2499 371 2561 qnae
402 2478 470 2540 eius
499 2477 635 2541 maxime
665 2477 797 2558 propria
826 2478 928 2542 forma
957 2480 1014 2555 sit,
1050 2501 1135 2545 nunc
1166 2479 1207 2542 ad

191 2592 320 2668 specialia
337 2588 535 2671 progredior,
556 2602 587 2651 et
606 2591 781 2673 quaemihi
801 2610 841 2650 ex
859 2591 921 2652 hoc
939 2612 1054 2670 genere
1071 2595 1207 2655 maximo

190 2700 329 2763 notanda
357 2700 519 2780 videntur,
555 2701 595 2765 ad
625 2702 726 2783 capita
756 2701 911 2761 nonnulla
938 2703 1106 2767 revocabo.
1159 2706 1204 2767 Ac

188 2833 262 2874 cum
293 2814 328 2874 in
361 2816 575 2898 superioribus
609 2815 643 2879 vi
674 2815 828 2890 insignem
860 2831 926 2873 esse
956 2813 1205 2879 intellexerimus

185 2926 365 3005 Tibullum,
388 2949 563 3012 persequar
582 2929 720 3010 primum
741 2943 795 3007 en,
825 2945 906 3008 quae
927 2934 1090 3004 praeterea
1109 2926 1207 3004 perti·

186 3052 262 3105 nent
283 3042 326 3129 ad
345 3043 420 3107 basa
441 3046 495 3103 asin
513 3045 646 3103 orationis
665 3037 898 3114 declarandam,
921 3034 1034 3099 deinde
1055 3037 1147 3099 etiam
1168 3035 1207 3098 de

185 3155 358 3235 simplicitate
384 3167 496 3236 poetae
527 3155 693 3236 explicabo
720 3152 914 3234 specialiter,
950 3160 986 3211 ut
1013 3151 1144 3230 promisi
1171 3149 1206 3213 in

185 3262 315 3327 introitu
340 3265 578 3347 disputationis,
607 3282 798 3350 quamquam
819 3264 879 3325 hac
901 3260 981 3324 duae
1003 3281 1054 3324 res
1076 3282 1143 3325 nou
1162 3265 1207 3325 ita

185 3379 324 3458 separari
345 3393 494 3461 possunt,
515 3391 552 3442 ut
574 3379 649 3443 dum
673 3400 767 3441 unam
786 3389 912 3455 tractes,
938 3395 1003 3455 non
1026 3389 1133 3456 tangas
1154 3378 1206 3442 lsic

184 3487 248 3551 illic
274 3492 412 3554 alteram.

245 3604 292 3665 Ac
313 3605 452 3685 primum
473 3602 601 3688 quidem
617 3606 772 3666 Scbemala
790 3602 921 3664 nonmslla
939 3602 1085 3685 pathetica
1105 3600 1206 3682 expli·

184 3720 279 3796 cab03
322 3741 394 3782 nam
425 3718 503 3802 quid
532 3717 619 3783 aliud
648 3740 733 3781 nunc
762 3721 850 3800 prius
880 3739 980 3798 ponas
1008 3718 1047 3781 de
1076 3718 1205 3779 Tibullo

183 3827 312 3894 dicensi
357 3834 503 3895 Alienum
526 3834 577 3897 bic
599 3834 695 3896 luerit
715 3832 823 3895 omnia
843 3830 999 3892 schemata
1022 3831 1206 3903 elocutionis

180 3944 337 4023 pathetica
360 3965 561 4022 enumerare,
587 3954 670 4028 qnae
685 3948 785 4007 multa
807 3956 838 4003 et
856 3942 946 4004 varia
967 3938 1053 4023 aptrd
1072 3940 1207 4021 scripto·

179 4073 230 4115 res
248 4057 352 4135 obvia,
375 4058 436 4118 alia
454 4058 654 4139 simpliciora,
676 4059 736 4119 alia
754 4054 977 4148 *quioniam
1000 4052 1205 4136 neptemque

868 4166 891 4223 k
914 4170 934 4222 2
