3009 4725
476 273 588 337 LIBR.
609 273 666 336 Ν.
709 267 839 338 CARM.
860 273 901 336 Π.
1133 273 1195 335 427

178 452 246 504 male
264 454 363 502 statues
382 439 469 501 statim
488 446 521 499 ab
540 448 614 500 luitio
633 447 723 499 lictum
740 460 836 499 nomen
854 445 1006 514 praelatum.
1043 443 1109 496 Cum
1125 444 1194 499 eninr

180 552 288 617 egregia
306 551 423 618 Sulpicia
441 549 577 615 insiguiter
593 553 664 600 tacta
682 553 752 599 esset
766 561 856 599 amore
874 547 950 600 bulas
967 546 1082 611 invenis,
1102 546 1197 599 Tibul-

180 649 219 700 lus
236 649 374 702 iucundam
393 664 463 714 rem,
491 650 609 718 poeticae
631 648 779 701 tractationi
798 648 973 716 aptissimam,
999 647 1119 714 elegidiis
1135 648 1198 699 illu·

178 757 262 802 strare
285 749 400 815 studuit,
427 756 455 802 et
477 750 609 817 Sulpiciae
634 749 738 816 quidem
758 763 852 801 nomen
877 749 996 812 retinuit,
1026 761 1074 813 pro
1098 746 1198 800 iuvenis

179 854 266 901 autem
284 850 387 901 nomine
405 849 475 901 aliud
494 856 521 903 et
540 852 671 917 poeticum
690 849 832 913 substituit,
850 855 880 902 ut
898 864 956 903 curn
975 848 1092 900 veritatis
1110 848 1199 915 speeie

179 951 299 1017 poeticae
318 951 428 1002 fictionis
444 952 646 1017 coniungeretur
663 951 819 1016 iucunditas,
838 967 886 1004 nec
905 950 937 1002 ad
955 949 1101 1003 historicam
1119 948 1198 1001 tidenr

181 1050 267 1100 omnia
285 1063 408 1116 expressa
423 1052 572 1105 uiderentur
590 1057 699 1117 exacte,
717 1057 745 1104 et
764 1067 825 1104 sora
844 1050 1000 1103 haberentur
1018 1050 1103 1101 omnia
1121 1047 1201 1100 verbs

183 1146 332 1214 Sulpiciae,
359 1147 406 1200 sed
430 1151 537 1202 sentiret
554 1153 638 1203 lector
656 1152 760 1218 poetice
778 1167 794 1202 a
812 1157 890 1219 poets
908 1157 1033 1203 exornata
1052 1165 1110 1202 esse
1132 1164 1200 1216 quae

183 1247 376 1300 tundamentum
402 1245 527 1300 haberent
550 1247 708 1299 historicum.
746 1249 832 1316 Atque
855 1250 890 1301 its
909 1249 1079 1319 conveniebat
1097 1254 1200 1316 poetae,

182 1344 206 1395 sl
231 1345 334 1409 quando
361 1343 440 1396 edere
462 1345 566 1396 volebat
590 1344 653 1398 haec
679 1347 807 1412 elegidia,
831 1348 900 1414 quod
926 1350 1014 1403 credo.
1050 1348 1098 1401 sto
1121 1347 1200 1401 edere

185 1444 285 1506 noluit,
312 1443 369 1509 ipse
392 1444 504 1495 retinere
524 1443 608 1510 potuit
634 1459 724 1495 verum
743 1460 835 1497 nomen
860 1445 975 1510 iuvenis,
1002 1449 1090 1499 fletum
1114 1454 1201 1499 autem

185 1541 352 1593 substitutum
376 1547 415 1592 est
433 1541 467 1592 ah
490 1556 539 1605 eo,
567 1542 609 1605 qui
633 1547 692 1608 post
713 1545 824 1592 mortem
843 1542 911 1592 Albli
930 1543 1034 1593 ultimos
1050 1549 1105 1594 tres
1122 1544 1202 1596 libros

187 1637 276 1690 edidit.
320 1638 390 1691 ldern
410 1641 487 1691 etiam
506 1638 531 1690 ln
557 1638 658 1690 duobus
677 1638 833 1690 carminibus
850 1640 956 1692 secundi
974 1640 1032 1692 libri
1051 1639 1202 1692 cerinthum

187 1752 282 1790 nomen
300 1739 418 1807 posuisse
435 1739 545 1803 ridetur,
565 1755 622 1791 cnm
642 1740 723 1792 sciret
738 1739 848 1790 eundem
865 1736 993 1789 hominem
1008 1738 1094 1791 luisse.
1132 1739 1204 1790 Con-

187 1836 229 1890 l'er
246 1855 313 1905 qnae
330 1840 357 1892 iu
374 1840 436 1893 Vita
454 1840 552 1893 Tibulli
570 1841 603 1893 de
621 1840 661 1893 his
678 1841 758 1893 rebus
776 1839 826 1890 iam
846 1838 914 1890 dicta
932 1844 999 1891 eunt.
1034 1838 1120 1903 Atque
1138 1835 1202 1891 haec

187 1940 291 2004 quidem
317 1940 350 1993 de
375 1939 506 1993 Cerintho.
543 1939 649 2008 Elegiae
675 1941 792 1993 Vossius
818 1938 940 2006 epistolas
964 1937 1106 2004 inscripsit,
1133 1936 1203 2002 qnod

188 2051 282 2090 nomen
300 2054 315 2090 a
334 2040 509 2105 grammaticis
532 2047 604 2093 certe
629 2042 660 2094 lis
679 2039 805 2094 tributum
824 2039 932 2090 vidimus
949 2037 1053 2089 ibidem·
1090 2037 1141 2090 Hic
1160 2042 1203 2088 ts—

187 2152 245 2188 men
278 2138 423 2191 addendum
458 2154 509 2191 non
543 2140 661 2192 omnibns
695 2138 721 2191 ld
749 2153 841 2191 revera
867 2138 1020 2201 conuenire,
1049 2135 1098 2187 niel
1127 2135 1205 2186 etiam

188 2251 267 2286 carm.
286 2236 332 2289 tv.
351 2237 383 2289 ad
401 2237 536 2291 Phoebum
555 2245 582 2290 et
599 2254 678 2290 earm·
697 2236 744 2288 v1.
769 2236 803 2288 ad
823 2237 945 2289 lunonem
965 2235 1056 2288 credas
1074 2239 1145 2286 recte
1167 2234 1204 2284 itu

190 2331 250 2385 dici.
286 2332 343 2385 Nec
360 2348 463 2386 carmen
483 2334 541 2386 Vll.
560 2351 607 2400 pro
626 2338 736 2403 epistola
755 2334 842 2388 haberi
861 2340 962 2404 potest,
989 2333 1033 2387 ubi
1057 2348 1144 2387 secum
1163 2333 1206 2384 Ιο-

194 2430 281 2494 quitur
298 2429 415 2496 Sulpicia
432 2429 594 2481 laetabunda.
631 2431 732 2497 Nempe
750 2433 871 2484 Tibullus
890 2450 948 2485 cum
962 2433 1013 2486 hos
1031 2449 1133 2486 autores
1151 2434 1207 2485 elo·

153 2566 155 2571 .
192 2525 270 2591 gidiis
288 2530 400 2576 tractare
417 2526 604 2590 constituisset,
620 2526 705 2577 varias
723 2542 816 2579 causas
834 2532 975 2581 carminum
994 2536 1089 2599 posuit,
1108 2534 1208 2586 varios-

194 2641 245 2691 que
261 2622 354 2675 modos
372 2625 540 2691 excogitauit,
558 2625 682 2690 quosdam
702 2640 736 2677 er
756 2627 811 2694 ipss
831 2625 935 2678 historia
956 2629 993 2679 rel
1013 2632 1095 2695 petiit,
1113 2635 1206 2698 quibus

193 2738 238 2776 eos
257 2723 417 2791 depingeret.
454 2722 531 2775 Nunc
549 2724 641 2775 natalis
659 2722 774 2776 Ceriuthi
794 2731 850 2787 est,
878 2740 945 2777 nunc
963 2725 1111 2791 Sulpiciae,
1138 2744 1205 2782 nunc

192 2826 291 2876 iuuenis
309 2829 428 2875 venatum
446 2823 519 2886 abiit,
537 2838 604 2875 nunc
624 2823 709 2890 puella
722 2838 768 2875 rus
785 2823 857 2876 ubire
874 2840 924 2876 non
943 2826 1006 2890 vult,
1024 2840 1092 2877 nunc
1108 2827 1208 2881 Kalen-

194 2924 242 2975 dae
260 2924 372 2975 Martiae
390 2929 449 2975 eunt
466 2930 494 2975 et
514 2923 581 2975 dona
598 2923 748 2989 mittuntur,
767 2939 835 2976 nuuc
853 2926 944 2977 morbo
965 2924 1065 2977 laborat
1082 2926 1208 2993 Sulpicia,

193 3036 261 3074 nunc
274 3022 386 3089 suspicio
401 3022 434 3074 de
449 3022 500 3076 tide
515 3023 631 3077 cerinthi
647 3024 744 3091 incidit,
764 3040 832 3077 nunc
847 3040 935 3077 amore
950 3024 1074 3094 perfruita
1087 3026 1143 3077 eius
1158 3040 1207 3078 ex·
1259 3024 1261 3028 ⁴

194 3124 272 3174 sultat
291 3122 385 3190 puella,
403 3127 431 3173 et
447 3122 485 3174 sic
503 3138 591 3190 porro,
610 3139 676 3190 quae
695 3124 806 3176 varietas
824 3139 911 3175 rerum
930 3129 957 3176 et
976 3123 1114 3176 formarum
1131 3139 1210 3191 aper-

194 3231 248 3275 tum
267 3228 307 3275 est
330 3227 453 3287 quantum
470 3223 635 3278 iucunditrtis
652 3223 753 3277 habeat
799 3224 876 3280 Quod
895 3239 957 3277 nero
975 3229 1066 3292 postes
1085 3224 1210 3292 epistola·

194 3342 251 3378 rum
271 3339 363 3376 nomen
389 3325 486 3392 placuit
512 3326 625 3378 tribuere
651 3324 691 3377 his
715 3325 822 3391 elegiis,
846 3331 965 3393 spectata
983 3330 1024 3376 est
1040 3325 1122 3377 maior
1140 3339 1209 3393 pars,

195 3427 236 3479 cui
259 3441 323 3479 sane
347 3424 373 3476 ld
399 3424 523 3493 applicari
547 3431 640 3493 potest.
684 3427 723 3478 Ac
741 3427 854 3480 Vossius
873 3427 949 3479 etism
968 3443 1020 3493 quo
1038 3426 1128 3480 ordine
1147 3425 1211 3479 haec

194 3524 306 3577 earmina
331 3539 379 3593 per
403 3524 461 3576 anni
487 3529 603 3591 ternpore
627 3524 676 3578 sibl
702 3526 857 3590 succedant,
885 3525 1021 3594 descripsit
1045 3526 1136 3590 nobis,
1163 3524 1209 3576 sed

195 3622 274 3671 multe
292 3628 469 3688 commentus,
494 3637 561 3688 quae
578 3636 629 3674 nou
646 3623 732 3677 insunt
749 3625 775 3675 in
794 3624 834 3676 lls.
871 3622 946 3674 Haec
966 3625 1035 3674 enirn
1052 3638 1095 3675 res
1112 3621 1213 3673 deliniri

195 3718 299 3781 sequit,
324 3733 372 3771 nec
396 3722 508 3774 voluisse
532 3720 634 3774 videtur
660 3726 687 3782 id
711 3722 848 3779 Tibullus:
876 3718 999 3787 voluptas
1023 3719 1125 3787 poetica
1143 3717 1216 3781 large

197 3817 278 3866 oritur
303 3831 336 3868 er
360 3824 663 3899 incentoromnium,
689 3837 844 3888 cansarum,
874 3836 1003 3885 casuum,
1028 3819 1073 3886 otti
1092 3819 1120 3869 lu
1143 3831 1220 3869 cuttu

198 3916 291 3967 amoris
315 3916 436 3970 accidunt
460 3928 487 3975 et
511 3923 649 3992 imaginem
669 3947 727 4008 εἰη,
748 3928 801 3983 alia
819 3928 907 3990 atqua
924 3926 978 3983 alla
999 3924 1122 3988 exparte
1139 3921 1227 3968 otten-

198 4013 277 4079 duut,
306 4014 449 4070 obscuritas
469 4029 553 4079 autem
572 4044 605 4087 ex
625 4042 752 4126 ignorati>
771 4026 872 4089 ordine
892 4045 985 4096 mmm
1008 4021 1081 4075 nulla
1098 4022 1145 4071 tal·
1180 4013 1235 4066 set
