3009 4725
336 320 397 375 ³16
573 312 855 380 COMMENTAR.
877 315 920 378 IN
944 315 1118 381 TIBULLI
1171 325 1187 356 ⁰

335 485 453 540 domos.“
488 488 628 542 Praeterea
649 489 797 559 vituperant
824 492 910 546 iocum
935 492 969 545 de
994 492 1151 545 ornamentis
1175 490 1242 544 libri.
1280 493 1349 546 Pro·

334 582 404 636 iectu
428 583 453 636 in
477 580 621 638 huiusmodi
649 588 728 641 rebus
756 588 935 643 describendis
963 605 1088 658 nusqusnr
1114 589 1225 642 verbosa
1252 590 1351 644 Tibulli

334 683 383 734 init
403 683 493 749 biusa,
509 681 551 736 hic
568 689 654 738 autent
674 694 753 755 poete
771 688 908 742 menifestu
925 694 994 742 arnst
1011 689 1085 753 tatia,
1104 693 1134 739 ut
1150 687 1237 739 monui
1254 689 1305 740 iarn
1326 691 1352 742 in

332 782 520 837 Dissertatione
537 782 570 837 de
588 785 666 839 Poesi
687 786 794 840 Tibulli.
830 788 924 854 Neque
947 795 1033 840 nmen
1057 787 1179 839 continno
1198 801 1348 852 perversum

333 887 388 949 est,
413 883 484 951 quod
509 883 609 937 reoedit
631 899 647 937 a
670 899 743 939 more
761 885 866 939 Tihuiii.
908 884 945 936 Et
962 899 1028 936 nunc
1045 881 1149 948 quidem
1168 880 1238 934 dicat
1252 882 1346 950 aliquis

333 994 387 1031 rens
411 980 438 1033 in
463 984 577 1037 carnrine
601 985 703 1052 pueiiue
726 985 804 1035 maso
828 981 931 1046 baberi,
960 982 1059 1050 pueiias
1076 987 1164 1034 antem
1188 994 1240 1032 non
1264 982 1347 1046 magis

332 1080 418 1134 verbis
434 1088 462 1135 et
478 1084 613 1137 sententiis
630 1081 752 1134 delectari
776 1095 854 1148 quern
878 1079 969 1133 habitu
992 1082 1107 1147 eleganti
1130 1081 1265 1134 librornnr.
1307 1082 1348 1132 Ac

330 1191 435 1245 verum,
459 1187 562 1249 poetam
584 1180 626 1232 hic
642 1178 746 1244 quidem
766 1193 816 1231 non
834 1178 966 1233 excedere
984 1179 1089 1232 modurn
1107 1180 1134 1231 in
1160 1177 1344 1246 descriptione.

329 1278 385 1331 Sed
399 1278 563 1347 reprehendis
577 1279 648 1346 quod
662 1277 697 1332 de
713 1286 870 1347 argumento
886 1280 946 1334 iibri
963 1279 1025 1333 nibii
1042 1278 1118 1331 dixit.
1155 1280 1226 1331 Sene
1243 1280 1345 1346 ineptus

328 1378 432 1443 inisset,
456 1377 479 1430 si
502 1378 529 1431 in
552 1384 609 1431 toto
633 1378 747 1431 carmine
773 1378 876 1431 nonnisi
893 1377 927 1430 de
950 1385 1044 1430 ornatu
1068 1377 1127 1429 iibri
1145 1376 1248 1429 iocutus
1265 1382 1344 1441 esset,

327 1483 412 1529 umen
430 1490 499 1529 nunc
516 1473 636 1529 nudata
654 1476 749 1529 hianda
767 1477 835 1530 iihro
857 1475 946 1530 addita
964 1476 1054 1542 rides,
1078 1476 1172 1543 quibus
1189 1491 1242 1543 qno
1258 1475 1343 1527 animo

326 1574 380 1641 tegi
397 1589 413 1627 a
431 1574 518 1643 pneiia
534 1575 649 1627 carmina
666 1589 715 1627 sna
732 1575 813 1642 sciit,
830 1576 894 1629 satis
911 1575 1076 1643 significarit.
1111 1548 1247 1629 Praestitit
1263 1574 1344 1642 igitur

326 1675 378 1728 aiio
403 1674 481 1729 nrodo
507 1676 578 1744 quod
611 1678 743 1746 postnias,
769 1693 818 1731 uec
841 1677 916 1731 deest
942 1676 1082 1745 quidquem
1107 1677 1198 1730 unitati
1224 1674 1342 1744 poeticae

326 1774 454 1828 carusinia.
490 1777 576 1843 Atque
595 1772 661 1830 haec
683 1775 816 1831 hactenns.
852 1777 893 1830 De
916 1777 1026 1844 singuiis
1051 1773 1168 1829 distichis
1185 1775 1252 1828 inira
1269 1774 1344 1827 dice·

325 1888 399 1939 snus,
423 1888 491 1926 nnuc
508 1873 542 1927 de
559 1881 616 1929 toto
636 1875 699 1943 quid
718 1876 828 1931 iudicari
845 1876 942 1931 debent
966 1876 1143 1945 exposuimus.
1179 1875 1274 1929 Forma
1292 1890 1341 1928 an·

325 1977 378 2024 tem
398 1975 592 2042 compositionis
615 1973 679 2029 haec
702 1983 759 2029 estc
790 1967 850 2045 post
875 1974 1056 2029 introitum
1084 1980 1229 2043 sequuntur
1252 1974 1341 2028 duae

325 2076 459 2139 partes,
486 2088 596 2140 quarum
613 2074 704 2127 ultima
725 2076 801 2128 simui
834 2075 948 2128 exitus
968 2075 1117 2127 continetur
1140 2073 1248 2140 elegiae.
1293 2072 1342 2126 ui-

323 2171 420 2223 rectior
436 2174 523 2225 esitus
538 2172 621 2238 abest,
639 2188 688 2226 nec
706 2189 773 2242 opus
792 2172 836 2227 hic
853 2174 909 2229 tcii.
946 2173 1064 2228 Vidimus
1084 2179 1171 2227 tarnen
1189 2174 1217 2227 in
1234 2172 1339 2226 Disser-

323 2270 421 2325 tatione
438 2269 543 2325 Tibuiio
560 2272 702 2341 praeniissa
721 2275 821 2328 alienos
842 2273 983 2328 indirectoa
1009 2275 1096 2328 exitus
1112 2274 1146 2329 ab
1165 2273 1239 2328 huius
1256 2272 1340 2342 poesi.

731 2549 938 2564 *a-

694 2771 963 2838 EXPLICATIO.

391 3046 519 3100 v.1·o.
562 3041 747 3096 introitus.
790 3043 972 3097 Kalendae
999 3042 1151 3097 Martiae
1181 3056 1254 3123 cupi
1280 3040 1335 3094 ad·

320 3140 391 3192 sint
419 3141 583 3195 uxoribus
616 3147 650 3194 et
676 3141 813 3211 pneiiis
838 3156 962 3196 sacrae
988 3141 1185 3209 iustaeqne,
1218 3142 1338 3195 hiusas

318 3247 419 3308 rogat
443 3259 582 3312 qnouanr
605 3241 735 3298 honore
760 3245 837 3312 ipse
860 3243 1027 3298 Neaeram
1051 3242 1180 3296 donare
1200 3241 1335 3293 debeat.

389 3343 426 3396 V.
443 3349 457 3396 1
477 3360 533 3411 sqq.
571 3345 696 3399 Martis
720 3344 835 3399 iestac
852 3344 1040 3399 Kalendae.
1076 3344 1160 3398 Erant
1177 3343 1227 3397 hae
1244 3356 1333 3396 asena

317 3439 408 3492 lenoni
426 3443 606 3509 coniugiorum
624 3444 738 3514 praesidi
756 3451 785 3498 et
803 3446 957 3499 celebantur
974 3462 991 3497 a
1012 3447 1136 3498 matronis
1154 3458 1248 3511 magna
1271 3442 1336 3493 reii-

317 3541 405 3606 gione,
420 3541 454 3594 ci.
474 3543 556 3595 Orrn.
575 3546 648 3599 Fert.
663 3547 711 3613 iil,
726 3550 780 3600 lto
796 3562 855 3614 sqq.
872 3553 900 3600 et
917 3548 1072 3601 Lsrsnrrsos
1091 3543 1123 3600 ac
1141 3545 1334 3598 Toansnnruur

318 3641 351 3695 sd
369 3642 462 3698 Horat.
481 3643 529 3710 ΠΙ,
542 3649 575 3711 ,8,
593 3646 648 3701 init.
673 3649 742 3703 unde
767 3649 953 3703 Metronaiium
975 3650 1080 3702 nominc
1105 3655 1166 3701 suut
1182 3645 1330 3712 insignitae.

317 3748 458 3802 Praeterea
474 3765 536 3803 vero
553 3749 632 3803 etium
650 3752 743 3819 pueiiis
762 3758 824 3805 sunt
839 3751 924 3805 festae
941 3751 1052 3816 habitae,
1070 3751 1103 3803 ci.
1124 3750 1190 3802 iuiru
1204 3747 1251 3812 lv,
1265 3751 1292 3811 2,
1308 3748 1334 3797 i.

316 3862 399 3914 quae,
425 3854 455 3900 ut
472 3854 604 3901 matronae
622 3864 638 3901 a
659 3849 774 3916 maritis,
799 3865 906 3903 munera
924 3865 957 3903 eo
975 3849 1018 3902 die
1034 3849 1068 3901 ab
1086 3848 1234 3902 amentibus
1251 3860 1332 3914 spun-

316 3945 403 4011 sisque
425 3948 603 4016 accipiebant,
630 3946 664 3999 ci.
689 3947 817 3999 Msonos.
843 3948 949 4000 Sstnrn.
968 3948 1014 4012 Vl,
1034 3952 1059 4001 1.
1088 3948 1186 4002 lurnrr.
1205 3946 1254 4011 tx,
1279 3948 1335 4009 ὀὶ,

317 4057 364 4093 ricc
389 4057 441 4096 uon
465 4045 623 4113 interpretes
646 4045 681 4098 ad
707 4045 852 4098 Msarrsr..
879 4044 911 4110 v,
932 4048 975 4111 es,
1004 4050 1046 4100 lo.
1090 4045 1244 4099 Laudaruut
1270 4042 1335 4095 hacc
