3009 4725
532 498 537 507 .
591 435 773 507 TIBULLI.
1102 469 1201 517 uxxtx
1236 522 1241 532 ,

171 617 395 695 1,1,1t-2o.
424 607 604 694 religiosum
634 631 668 675 se
695 614 849 679 cultorem
878 614 1008 683 deorum
1031 627 1198 705 agrestium

171 732 320 797 ostendit.
364 727 502 796 Orditur
522 751 540 791 a
558 725 699 811 lapidum
720 741 755 792 et
781 732 923 814 stipitum
952 757 1113 803 sacrorum
1140 763 1199 826 por

172 865 262 927 egros
288 841 499 910 veneratione
526 861 689 926 uunquam
708 848 951 925 ‘praetermissa
999 854 1082 917 Tum
1106 857 1198 922 altius

175 982 304 1041 surgens
323 961 424 1043 pergit
447 956 487 1021 ad
509 977 621 1021 aurum
642 955 776 1054 deorum
797 964 925 1042 minim,
946 967 1002 1048 qui
1024 970 1199 1050 specialiter

180 1075 308 1155 singulis
327 1075 467 1156 partibus
487 1070 611 1156 praedii
631 1073 681 1135 aui
703 1088 873 1157 praesunt,
900 1090 931 1143 et
952 1079 1082 1147 Silvano
1103 1107 1198 1169 poma

181 1186 296 1251 offerre
315 1206 348 1249 se
368 1185 441 1249 dicit
461 1187 643 1270 quotannis,
663 1185 775 1250 Cereri
794 1209 944 1256 eoronam
965 1196 1100 1281 spiceam
1121 1223 1197 1284 pro.

176 1301 288 1380 mittit,
314 1302 480 1364 hortorum
507 1319 587 1365 vero
615 1297 675 1365 deo
695 1303 812 1386 Prispo
837 1307 958 1389 signum
978 1314 1112 1378 rubrum
1133 1331 1198 1380 ata·

172 1428 251 1480 tnet.
292 1418 467 1493 Postremo,
490 1415 547 1500 qui
567 1417 696 1480 ultimus
713 1431 761 1482 est
776 1419 890 1500 gradio
908 1422 1134 1509 descriptionis,
1155 1430 1195 1492 ad

170 1532 310 1595 universi
333 1529 457 1613 praedii
477 1530 642 1613 praestitae
666 1531 860 1595 convertitur
877 1534 984 1601 Lares.
1025 1541 1129 1625 Atque
1151 1542 1196 1606 itu

172 1644 326 1709 divisione
347 1647 443 1727 plana
465 1646 685 1727 complectitur
705 1648 812 1710 omnis
833 1661 864 1714 at
891 1654 1021 1732 pulchre
1046 1678 1105 1738 per
1124 1678 1196 1740 gre..

174 1757 235 1822 dus
255 1758 431 1842 procedens
458 1772 558 1824 totum
585 1764 792 1846 consequitur
812 1768 1039 1832 suavissimum.
1073 1774 1195 1839 ¹Venio

178 1874 219 1937 ad
241 1875 339 1938 alium
357 1877 473 1939 locum.
515 1878 675 1941 Describit
695 1879 735 1955 Π,
759 1888 787 1956 5,
811 1887 924 1944 23·38.
946 1887 1083 1966 priscum
1104 1888 1196 1951 habi·

175 2007 244 2057 tum
265 1997 413 2058 locontur
420 2039 430 2074 ,
459 1997 515 2059 ubi
532 1997 632 2061 Roma
660 1993 803 2074 condita,
832 2021 869 2061 ac
894 2021 965 2063 sum
990 2017 1128 2084 pastores
1149 2008 1195 2069 ibi

173 2107 295 2191 degisse
317 2109 394 2173 olim
417 2120 549 2188 constet,
577 2109 611 2174 id
633 2111 696 2191 agit
717 2109 872 2190 suaviter,
900 2124 935 2174 ut
956 2111 996 2175 ad
1016 2111 1196 2195 pastoritiae

170 2221 252 2288 titre
270 2224 441 2306 imaginem
459 2227 620 2307 regionem
641 2239 738 2290 totam
755 2233 892 2293 revocet.
933 2228 970 2291 In
988 2211 1107 2295 Palatio
1122 2253 1194 2297 vao-

174 2358 226 2403 cue
245 2351 419 2422 pascuntur
435 2350 467 2402 et
482 2339 617 2403 humiles
637 2361 725 2404 cesae
744 2353 826 2407 stunt
844 2341 880 2406 in
899 2342 1065 2428 Capitolio.
1107 2347 1195 2413 Con·

174 2452 347 2532 apiciuntur
365 2472 464 2535 porro
487 2452 621 2517 deorum
642 2456 805 2536 agrestium
824 2457 911 2538 signa
932 2464 992 2523 sub
1010 2465 1124 2529 umbra
1142 2486 1193 2531 ar·

173 2568 285 2631 borum
306 2578 339 2631 et
356 2565 473 2649 pendet
492 2567 596 2631 fistula
616 2569 779 2651 pastoritia
796 2571 832 2632 in
844 2572 917 2635 luco
932 2587 1039 2638 votum
1054 2576 1193 2643 Silvano.

172 2682 321 2765 Denique
342 2703 400 2764 per
422 2680 555 2745 Velabri
576 2700 673 2766 aquas
697 2683 777 2743 festa
806 2681 856 2745 dia
878 2686 1004 2749 vehitur
1026 2674 1132 2771 puello
1153 2691 1193 2753 ad

172 2810 347 2873 amentem,
374 2797 471 2878 gregis
493 2798 693 2878 magistrum,
726 2816 797 2860 cum
821 2818 884 2880 qus
907 2799 1041 2863 redeunt
1061 2824 1193 2866 munera

168 2912 274 2987 nnis,
305 2930 411 2975 casura
431 2925 463 2975 et
487 2934 596 2995 agnus.
644 2913 744 2978 Vides
772 2912 849 2999 quid
870 2934 919 2974 res
943 2912 994 2975 sit.
1036 2914 1122 2975 Dum
1143 2937 1193 2977 re·

167 3024 272 3105 gionis
294 3028 391 3089 totius
410 3026 576 3108 imaginem
598 3025 750 3104 ostendit,
783 3030 876 3091 silves
902 3025 1057 3088 montium
1078 3036 1109 3086 et
1129 3029 1193 3087 Ve-
1225 3022 1228 3029 “

166 3141 253 3203 labri
274 3139 391 3219 undas,
419 3141 516 3204 habes
543 3152 642 3204 totam
668 3144 766 3207 vitum
785 3141 979 3224 pastoritiarn
1004 3159 1194 3223 expressam,

165 3258 346 3339 partionem
373 3276 502 3337 gregum
529 3266 561 3318 st
588 3276 674 3326 earm
697 3277 721 3319 s.
745 3255 963 3339 quotidianum
988 3275 1097 3331 usum,
1125 3266 1195 3317 tum

164 3371 354 3450 religiones,
383 3368 521 3454 deniqne
549 3390 672 3435 amores
680 3417 689 3448 ,
720 3392 780 3453 per
800 3373 860 3433 tria
883 3382 1040 3434 momenta
1061 3369 1193 3435 deducta

166 3482 395 3566 descriptione,
426 3504 565 3568 quorum
594 3485 740 3548 ultimum
769 3484 995 3549 suavissimum.
1044 3486 1195 3549 Similiter

166 3596 343 3663 adornatus
365 3611 412 3662 est
431 3599 520 3663 locus
538 3601 739 3679 1,s‚21-st.
761 3602 817 3663 ubi
832 3600 986 3680 describit,
1008 3620 1102 3685 quam
1115 3602 1192 3663 hsta·

166 3714 292 3794 ginatus
321 3724 406 3793 erat,
436 3713 535 3778 vitam
560 3715 708 3777 rusticam
739 3715 851 3776 Deliae
879 3714 963 3797 apud
989 3736 1022 3776 se
1045 3715 1193 3776 luntram.

167 3828 211 3890 Ac
236 3828 376 3909 primam
398 3825 439 3891 de
462 3831 593 3910 negotiis
615 3830 705 3908 dicit,
732 3828 771 3892 de
792 3832 917 3911 frugum
938 3825 1094 3902 cumdio,
1118 3844 1194 3887 aon-

168 3943 347 4005 tareationa
368 3963 504 4013 uvarum
525 3955 557 4004 et
576 3944 688 4022 musti,
716 3964 792 4005 cum
813 3943 936 4025 pecoris
957 3948 1194 4021 servorumque‚'

169 4053 283 4119 deinde
313 4057 446 4122 eandem
471 4060 565 4122 etiam
586 4057 692 4123 divina
715 4082 825 4124 aurare
847 4060 921 4123 iacit
944 4069 975 4120 et
997 4058 1112 4120 offerre
1134 4055 1194 4117 Sila

170 4188 252 4233 vano
277 4192 340 4256 pro
361 4173 480 4239 ritibus
507 4194 618 4249 uvam,
650 4196 708 4255 pro
735 4188 839 4253 segete
869 4174 983 4254 spicas,
1015 4190 1073 4252 pro
1104 4188 1194 4250 grege
