3009 4725
498 410 685 484 TIBULLl
721 411 806 484 LlB.
828 415 853 486 1.
871 431 897 484 2.
1186 426 1209 495 7

228 605 297 678 Nec
313 618 429 674 tamen
449 597 529 672 huic
546 597 660 672 credet
675 599 825 674 coniunx
842 618 932 692 tuus,
955 624 991 677 ut
1008 606 1092 679 mibi
1109 637 1207 684 verax

270 728 429 804 Pollicita
452 745 504 802 est
526 727 659 827 magico
684 756 768 826 saga
794 730 991 806 ministerio.

183 862 324 935 &Hanc
350 887 416 957 ego
443 857 487 931 de
514 856 607 932 caelo
634 857 814 932 dueentem
840 860 955 935 sidera
979 864 1068 952 vidi,

276 987 443 1062 Fluminis
469 986 554 1061 baec
575 985 689 1088 rapidi
716 988 865 1062 carmine
891 991 990 1065 vertit
1013 992 1093 1084 iter,

225 1117 317 1190 Hace
342 1134 444 1191 cantu
468 1115 636 1218 finditque
661 1115 772 1191 solnm
798 1120 986 1222 Manesque
1007 1123 1172 1224 sepulcris

276 1244 377 1319 Elicit
401 1263 434 1321 et
458 1246 576 1346 tepido
601 1245 742 1321 devocat
767 1275 844 1321 ossa
866 1276 960 1349 rogo.

219 1377 290 1449 lam
316 1394 406 1452 tenet
429 1377 583 1452 infernas
609 1376 743 1475 magico
770 1377 916 1453 stridore
942 1398 1110 1472 catervas,

181 1525 217 1579 50
271 1508 344 1582 lam
369 1507 467 1583 iubet
492 1534 650 1609 aspersas
675 1505 760 1580 lacte
786 1507 912 1582 referre
937 1509 1076 1611 pedem:

223 1638 307 1711 Cum
331 1637 434 1728 libet,
462 1637 547 1712 baec
569 1637 657 1711 tristi
685 1636 823 1739 depellit
848 1637 966 1714 nubila
992 1642 1104 1731 caelo,

271 1767 356 1842 Cum
380 1765 479 1859 libet,
508 1767 636 1854 aestivo
662 1786 827 1843 convocat
848 1770 932 1844 orbe
954 1771 1056 1845 nives.

223 1893 305 1971 Sola
332 1915 446 1992 tenere
471 1896 575 1972 malas
602 1898 744 1973 Medeae
772 1899 898 1974 dicitur
919 1899 1061 1988 herbas,

255 2028 337 2103 Sola
363 2029 455 2104 feros
480 2031 626 2105 Hecatae
646 2030 885 2133 perdomuisse
912 2059 1022 2107 canes.

174 2161 307 2235 &llaec
329 2160 415 2234 mibi
440 2162 632 2262 composuit
656 2179 795 2251 cantus,
820 2161 897 2264 quis
921 2159 1037 2235 lallere
1061 2189 1196 2263 posses:

265 2293 463 2381 Terram,
494 2309 546 2367 ter
570 2290 670 2366 dictis
698 2291 828 2395 despue
854 2291 1071 2368 carminibus.

213 2421 272 2496 llle
295 2422 381 2498 nihil
407 2424 533 2524 poterit
555 2422 597 2496 de
623 2423 725 2498 nobis
751 2426 888 2499 credere
915 2425 1092 2526 cuiquam,

264 2553 343 2626 Non
366 2553 450 2642 sibi,
484 2553 514 2626 si
542 2553 578 2626 in
605 2552 700 2628 molli
725 2553 847 2628 viderit
868 2555 942 2656 ipse
968 2573 1052 2630 toro.

217 2681 271 2753 Tu
298 2698 409 2755 tamen
435 2682 606 2756 abstineas
632 2682 727 2757 aliis:
764 2709 844 2756 nam
871 2700 980 2756 cetera
1005 2702 1120 2758 cernet

171 2828 209 2882 60
267 2809 411 2885 Omnia:
446 2811 489 2886 de
514 2839 660 2887 menno
686 2811 809 2885 sentiet
831 2809 887 2884 ille
912 2810 1007 2883 nibil.

214 2939 311 3037 Quid
326 2938 487 3015 credam?
511 2969 634 3042 nempe
653 2941 738 3014 haec
759 2940 876 3015 eadem
895 2968 931 3014 se
953 2938 1038 3012 dixit
1059 2965 1190 3011 amores

262 3069 426 3145 Cautibus
454 3089 512 3144 ant
538 3071 655 3145 herbis
681 3068 810 3144 solvere
835 3096 935 3171 posse
962 3095 1073 3156 meos,

211 3197 253 3271 Et
277 3227 331 3273 me
355 3200 509 3275 lustravit
535 3201 662 3292 taedis,
698 3218 728 3274 et
754 3217 852 3274 nocte
878 3226 998 3273 serena

262 3329 420 3405 Concidit
445 3331 491 3405 ad
513 3332 664 3432 magicos
689 3329 800 3404 bostia
823 3327 918 3431 pulla
944 3328 1036 3402 deos.

166 3455 289 3530 otton
316 3485 379 3557 ego
404 3477 495 3536 totus
521 3461 652 3536 abesset
678 3487 793 3550 amor,
826 3459 887 3532 scd
911 3476 1049 3533 mutuus
1075 3475 1177 3547 esset,

258 3587 432 3682 Orabam,
467 3619 531 3667 nec
559 3609 591 3667 te
613 3619 714 3693 posse
740 3616 855 3666 carere
881 3587 989 3665 velim.

234 3830 320 3885 VM.
339 3832 510 3889 Fluminis
527 3863 561 3875 -
581 3836 706 3901 vertit,
731 3842 813 3903 recte
850 3836 902 3889 atti
919 3836 985 3889 mate
1003 3830 1134 3883 Fulminis
1153 3856 1186 3866 -

158 3924 246 3979 ustie.

234 4027 266 4080 V.
276 4031 321 4080 6⁰.
340 4029 474 4084 Resonant
494 4033 558 4085 ΙΙΙο
577 4048 616 4101 pr.
634 4033 703 4101 epse,
728 4033 799 4101 quod
820 4033 1010 4085 Lacunannus
1030 4025 1114 4080 babet.
1149 4030 1187 4078 Ao

159 4128 318 4192 permutatio
338 4127 479 4195 eaqueus,
504 4130 537 4183 el.
556 4130 590 4183 ad
609 4131 630 4195 1,
647 4136 674 4195 8,
693 4136 735 4184 so.
763 4132 799 4196 ΙΙ,
815 4136 842 4195 ³,
862 4134 906 4183 ⁶9.
931 4132 956 4194 t,
974 4131 1018 4181 ὅθ.
