3009 4725
543 418 651 482 LIBR.
673 421 699 481 l.
743 421 864 485 ELEG.
887 424 911 483 Ι.
1202 441 1240 496 19

287 610 318 661 V.
337 611 434 661 87-50.
470 604 580 659 Redit
607 604 775 671 primaria
802 605 987 658 sententie.

284 710 439 763 Revertitnr
464 712 543 774 poeta
567 705 600 757 ad
624 703 689 756 hano
713 719 762 771 per
786 719 877 773 preoea
901 703 934 756 ad
960 704 1034 759 deon.
1078 709 1235 767 Obaarrabtt

213 817 298 864 antem
318 812 402 862 lector
420 820 514 859 norom
533 811 650 857 ornatnrn
669 804 821 857 tententiae.
859 804 925 857 cnm
941 807 1009 859 enlm
1022 821 1101 875 anpra
1116 807 1150 862 de
1164 821 1239 866 aeatn

212 912 276 964 sirii
295 919 323 963 et
341 909 433 961 armbra
450 905 552 959 arboria
568 905 679 968 dixerit,
705 919 773 956 nane
790 903 899 957 hiemem
917 906 1018 972 cogitat
1034 914 1062 959 et
1080 907 1174 963 leetnnr
1193 927 1238 965 ao-

216 1011 290 1062 litum
316 1008 422 1070 landet,
448 1006 509 1057 duna
534 1003 605 1056 venti
633 1003 745 1055 immilea
772 1003 825 1055 tint
850 1003 1002 1072 pluviaeque
1028 1006 1235 1072 gelidaaad'ertt

214 1114 327 1172 Anater,
345 1121 405 1159 nam
422 1106 531 1158 tranaire
548 1105 603 1156 rnlt
622 1101 680 1156 ltine
698 1102 731 1155 ad
750 1117 863 1156 amorem
883 1104 996 1157 Deliae·

285 1209 320 1260 V.
339 1210 383 1260 at.
421 1205 557 1258 Adaitia
582 1204 662 1257 dtvt
707 1204 869 1270 Significavit
893 1218 972 1272 anpra
998 1204 1033 1259 ob
1062 1207 1184 1276 pletatern
1210 1212 1237 1264 ln

214 1307 345 1372 agricolao
369 1304 434 1357 deoa
458 1310 486 1356 et
511 1301 671 1371 pastoritiarn
694 1301 786 1355 Palem
811 1316 933 1367 agrorum
954 1317 985 1356 ae
1003 1308 1157 1374 pecorisque
1174 1325 1237 1378 pao.

212 1410 316 1456 ventum
332 1402 434 1457 felicem
451 1417 575 1472 speram
594 1400 658 1453 nihil
671 1402 750 1468 igitur
764 1403 849 1470 aptiae
863 1409 904 1455 eat
917 1419 993 1468 quam
1010 1406 1079 1473 qnod
1094 1415 1153 1476 poat
1166 1407 1238 1477 haee,

123 1513 131 1538 ³
212 1505 387 1572 complectens
414 1502 606 1572 quodamnodo
634 1502 830 1566 antecedentia,
863 1503 940 1555 etlam
965 1506 1109 1570 generatim
1135 1503 1239 1562 invocat

214 1601 278 1653 deoa
313 1600 364 1666 (Io
386 1601 445 1653 eeid
470 1598 579 1672 gnddr'g
598 1598 643 1651 ihr
668 1599 788 1666 notter).
839 1599 975 1653 Fallnntnr
1003 1605 1047 1670 qni
1072 1604 1160 1659 rerba·
1177 1624 1239 1676 per:

213 1700 304 1754 edente
320 1703 400 1754 enoria
419 1703 567 1771 explicant,
592 1701 662 1769 qnod
680 1698 722 1752 lrio
740 1700 852 1753 maxime
876 1702 998 1756 leinnnm.
1040 1703 1098 1759 Nee
1121 1711 1237 1774 poatntat

215 1800 264 1854 lroo
278 1815 360 1853 nenne
373 1813 458 1854 mena
471 1805 639 1870 sequentinm.
678 1801 775 1855 Verum
792 1815 894 1854 aenam
914 1802 985 1854 verbi
999 1803 1087 1857 danna
1104 1807 1240 1861 Gennan-

214 1917 267 1955 nno
285 1902 381 1970 aliique
397 1903 522 1955 viderant.
565 1904 630 1956 Mor
648 1917 738 1955 rernm
756 1908 797 1955 eat
814 1917 876 1956 neo,
899 1901 922 1952 al
939 1902 1054 1954 criticam
1072 1906 1240 1977 donaolim,

211 2015 262 2053 nee
280 2002 408 2058 aententia
426 2001 543 2071 poatnlat
560 1999 601 2054 hio
619 2001 713 2053 tortior
731 2017 791 2057 neu,
808 1997 935 2067 aiqnldern
954 1997 1003 2051 hoo
1021 1998 1083 2052 dicit
1100 2000 1235 2055 Tibntlaru

214 2099 313 2153 Favete
331 2100 409 2153 rebna
426 2099 491 2154 aneia
511 2113 560 2154 nee
578 2099 735 2152 contemnite
751 2113 794 2150 me
812 2111 946 2150 munerum
963 2097 1078 2150 tenninnr
1095 2112 1181 2152 mnae
1199 2127 1232 2143 -.

212 2214 275 2252 aaa
292 2215 370 2268 roa,
398 2207 429 2254 nt
452 2205 540 2253 amant
559 2199 586 2251 in
604 2197 719 2250 recondo
736 2196 853 2250 membro
871 2195 968 2250 addere
986 2209 1142 2265 pronomen,
1169 2197 1236 2252 conf.

214 2295 389 2354 altercarent..
414 2300 447 2354 ad
474 2299 567 2354 Horat.
587 2299 609 2365 l,
631 2302 658 2366 9,
682 2303 724 2352 to.
769 2299 845 2370 dpnd
863 2298 996 2351 'l'lbnllnn
1009 2296 1100 2351 confer
1115 2298 1173 2367 ipae
1188 2315 1237 2372 ago

214 2397 236 2461 l,
254 2401 280 2461 5,
296 2401 339 2451 15.
357 2384 410 2450 non
427 2415 476 2470 ego
493 2399 515 2464 1,
533 2404 560 2464 6,
578 2402 625 2451 88.
641 2403 670 2451 et
688 2399 808 2467 exempla
826 2399 983 2467 pronomlnia
1000 2396 1046 2449 ille
1063 2398 1096 2451 ad
1116 2398 1137 2464 l,
1151 2401 1178 2464 2,
1192 2404 1237 2453 oo.

216 2493 276 2545 Non
292 2497 377 2547 minue
394 2505 456 2549 nou
472 2513 516 2549 rea
538 2498 565 2549 in
586 2497 711 2563 Graecia,
739 2495 814 2562 vide,
840 2511 874 2549 ne
892 2497 965 2566 plora
983 2497 1104 2562 afferant,
1129 2498 1238 2550 Senen-

216 2604 301 2643 nann.
327 2592 359 2652 ad
385 2594 454 2645 Prae.
482 2596 564 2660 Gorg.
589 2612 650 2664 pag.
674 2598 737 2647 Μ.
763 2620 799 2633 -
829 2609 845 2646 e
873 2609 988 2646 menan
1013 2602 1099 2661 reete,
1127 2611 1178 2649 non
1206 2596 1238 2648 da

214 2708 321 2750 reema,
348 2709 407 2746 eum
436 2701 559 2761 aequatur
581 2713 596 2747 e
615 2695 761 2765 fictilibus.
808 2691 876 2745 Nam
900 2691 946 2742 nbi
977 2691 1068 2744 eadem
1096 2698 1141 2745 ant
1165 2695 1238 2747 rimi-

213 2794 244 2845 tia
260 2797 410 2848 tententiae
427 2797 510 2862 ratio,
536 2797 629 2850 eadem
647 2794 807 2866 praepoaltla
824 2798 948 2863 praestat.
985 2791 1158 2858 Cogitaadnm
1175 2812 1238 2851 raro

214 2911 283 2950 nune
307 2898 341 2950 de
364 2912 440 2950 aaom
466 2913 514 2951 nan
540 2910 704 2963 mensarum
726 2910 786 2951 nant
810 2902 841 2950 nt
864 2910 924 2950 arae
945 2892 1089 2948 cremandis
1105 2896 1238 2948 aacrtdeita

214 2999 398 3063 inserviebant,
416 3000 454 3053 aie
473 3014 578 3053 mennae
596 3007 625 3052 et
642 2999 710 3069 apnd
728 3001 847 3053 Graeco·
862 2992 989 3069 »τράπεζαι
1006 2995 1063 3049 aliia
1080 2994 1155 3048 donis
1171 2995 1238 3048 offe-

212 3099 318 3164 rendia3
343 3101 424 3152 etiam
448 3100 576 3168 prorloiae
596 3101 623 3152 in
642 3100 737 3152 mannia
761 3100 881 3153 videntur
902 3095 1048 3166 appositae.
1083 3096 1169 3160 Atque
1188 3092 1239 3147 hoo

215 3209 275 3259 loco
293 3199 326 3253 de
342 3201 451 3269 privatis
469 3201 551 3253 aaerla
569 3203 664 3266 agitur.
700 3200 837 3267 cogitabis
859 3200 939 3268 igitur
963 3210 1078 3251 mennam
1102 3210 1154 3247 non
1177 3209 1239 3263 pre·

214 3298 323 3362 tioaam,
341 3300 511 3366 exquisitiore
527 3315 543 3352 e
561 3299 634 3366 ligno
651 3299 762 3366 laetam,
780 3300 871 3366 qoolea
886 3299 993 3351 ditiores
1012 3294 1156 3361 habebant,
1169 3293 1239 3349 conl.

212 3396 376 3449 Hemone.
392 3399 427 3449 ad
444 3399 538 3452 Horat
557 3400 613 3453 Sat
631 3399 653 3465 l,
671 3403 698 3463 8,
717 3403 769 3463 li,
787 3398 834 3451 aed
852 3398 1011 3465 alnoplieenr,
1029 3394 1108 3451 eredo
1124 3404 1237 3448 marano·

213 3511 294 3560 ream,
312 3496 346 3552 cf.
365 3496 470 3553 Hera».
490 3502 507 3553 Ι.
526 3500 579 3564 cit,
596 3500 699 3566 qualem
717 3512 858 3567 pauperent
873 3497 990 3564 appellat
1007 3511 1092 3562 none,
1109 3496 1136 3549 in
1155 3511 1238 3564 eaque

212 3595 281 3650 dona
297 3598 434 3650 collocata.
445 3624 483 3638 -
502 3598 534 3652 V.
550 3601 594 3651 38.
612 3595 811 3660 fictilibus,
830 3594 928 3663 paterio
946 3600 973 3648 et
990 3596 1107 3663 poentia3
1127 3602 1238 3662 utroque

214 3696 283 3747 enine
293 3711 391 3761 genere
404 3695 446 3749 hle
460 3713 534 3765 opna.
554 3696 664 3765 pneia,
681 3695 703 3749 lt.
720 3714 744 3749 e.
762 3710 820 3748 cum
834 3710 899 3763 pura
913 3697 972 3748 nint
1009 3697 1131 3750 Ceterum
1148 3695 1253 3761 tletllia¹

214 3791 241 3842 ln
258 3794 339 3845 aaeria
357 3794 470 3863 publicis
483 3795 529 3847 dle
543 3802 643 3848 retenta
661 3796 763 3863 priaeee
780 3793 953 3861 simplicitatis
970 3795 1144 3856 reparatione,
1160 3793 1240 3844 etiarn

217 3898 352 3959 postquam
372 3897 451 3950 lnxna
473 3896 659 3966 rempublicam
676 3896 815 3960 invenerat,
832 3901 953 3947 aeternat
969 3895 1141 3960 interpreter,
1167 3891 1240 3943 Sne-

215 4004 294 4056 ·rrne,
312 3994 544 4062 Bnononnnmoa,
561 3995 709 4059 Bararus,
727 3993 898 4046 Hnaonnrna.
942 3992 997 4044 Sed
1014 3990 1058 4045 lrlo
1076 4004 1132 4043 rnoa
1149 3991 1240 4058 paula-

214 4092 261 4145 tim
281 4095 308 4145 in
326 4095 525 4150 desuetudinem
544 4097 643 4150 abierat
661 4094 812 4149 domesticia
831 4096 856 4146 in
873 4093 954 4146 enoria
971 4092 1108 4158 ditiorum,
1129 4091 1174 4143 nbi
1192 4106 1241 4145 an·

213 4210 268 4261 rea,
286 4206 420 4265 argentea,
438 4199 489 4251 alie
504 4198 617 4267 pretiosa
633 4212 693 4250 rana
707 4195 877 4265 splendebant
893 4195 1010 4263 plurima.
1047 4190 1146 4244 Confer
1162 4189 1241 4244 modo

905 4294 952 4356 2*
