3009 4725
321 378 382 435 reo
554 359 836 435 COMMENTAR.
858 366 903 428 ιΝ
925 365 1100 430 TlssULu

319 544 451 615 puisirrius
467 549 567 597 susus
584 543 695 613 pusiise.
737 542 798 596 Nou
816 543 876 596 dico
893 542 1024 596 interiisse
1041 555 1173 606 umorem,
1192 542 1270 594 immo
1288 539 1337 594 irse
1422 573 1425 580 -

318 646 389 711 isse,
417 642 444 697 ii
469 647 579 697 coustus
605 642 733 696 retinendi
762 644 853 710 quovis
880 642 959 696 modo
989 642 1101 710 puellum
1130 642 1195 692 setis
1224 640 1338 710 produnt

319 748 416 811 quotu
437 743 576 796 eduum
601 743 658 796 eius
681 743 721 795 ris
744 744 794 807 sit,
821 748 849 795 et
873 757 956 809 genus
973 740 1069 793 umoris
1086 737 1136 791 iam
1161 753 1212 790 ooo
1236 739 1338 793 videtur

321 843 397 913 pisue
414 842 484 896 idem
501 841 572 910 quod
585 849 671 896 antee.
707 844 784 899 tiuse
801 857 860 895 cour
878 842 914 894 its
931 842 993 904 siut,
1011 854 1063 904 ego
1081 837 1147 890 irsuc
1164 838 1275 903 elegiam
1293 841 1336 891 ut-

320 944 410 998 tinsm
427 943 486 996 dico
498 943 596 996 Deiise
616 942 755 1010 scriptum,
783 943 810 992 iu
833 955 883 1005 qus
901 944 980 1007 poets
997 940 1114 992 coiteetis
1130 938 1216 990 deuuo
1240 938 1337 990 viribus

319 1042 440 1097 omuibus
463 1043 595 1110 congessit
618 1039 742 1108 quidquid
766 1037 987 1091 hortamentorum
1011 1038 1128 1105 gravium
1151 1037 1277 1104 reliquum
1296 1036 1335 1088 vi-

319 1141 431 1196 debstur
447 1140 554 1196 reducto
571 1138 606 1192 ud
623 1144 765 1191 extremm
782 1151 856 1204 spem
873 1135 992 1188 amatori.
1029 1134 1123 1202 Neque
1136 1135 1205 1187 euim
1223 1134 1338 1201 reperiss

319 1241 382 1307 quid
410 1241 462 1293 siio
489 1245 606 1307 tempore
632 1235 729 1290 udderc
753 1237 868 1304 potuerit
891 1238 1011 1302 gessius,
1038 1235 1085 1290 sed
1113 1237 1218 1303 reliquit
1243 1240 1337 1303 postes

318 1340 431 1407 pueliam
446 1338 512 1390 elios
528 1343 607 1404 stoue
625 1337 689 1390 sites
706 1351 809 1389 umores
830 1344 991 1403 sequentem.
1037 1337 1161 1390 Ceterum
1179 1337 1265 1404 placet
1282 1334 1338 1386 eie·

317 1441 372 1507 gis,
386 1444 417 1491 ut
433 1437 501 1492 siise
517 1436 623 1502 Tibulli,
641 1436 811 1506 dispositione
829 1451 916 1490 rerum
934 1438 1009 1502 scits,
1033 1436 1249 1505 descriptionibus
1270 1434 1337 1487 riri-

317 1537 373 1602 dis,
396 1536 522 1592 verietate
547 1536 665 1589 iooorum
690 1537 772 1588 suevi.
809 1539 847 1590 Ac
865 1538 947 1590 leuior
971 1537 1080 1590 effecum
1104 1538 1130 1590 in
1156 1537 1244 1604 priore
1261 1539 1336 1603 perte

319 1645 369 1703 est,
387 1654 439 1704 quo
457 1637 569 1705 pertinet
587 1638 666 1690 etism
682 1637 804 1689 introitus
822 1640 897 1691 ratio.
933 1639 1044 1694 Poterat
1061 1639 1148 1691 stetim
1167 1637 1193 1690 iu
1211 1636 1338 1705 principio

318 1739 420 1794 Deiism
437 1737 549 1803 alioqui,
573 1737 620 1790 sed
639 1738 722 1791 tesius
740 1743 782 1790 est
799 1737 869 1805 quod
887 1740 1009 1793 Amorem
1028 1747 1151 1805 sceusste
1181 1739 1294 1808 pretium
1312 1738 1338 1789 iu

318 1840 401 1892 sitem
419 1837 522 1890 demum
542 1844 616 1905 perte
633 1838 775 1905 siioquitur
799 1846 933 1891 crescente
956 1840 1060 1894 utiocto.
1104 1840 1178 1893 Heec
1195 1846 1282 1891 eutem
1299 1838 1339 1890 et-

320 1944 378 1992 ten
404 1952 465 2006 psrs
489 1937 577 2004 gretip
602 1941 644 1990 est
671 1941 699 1988 et
725 1943 824 1988 uotum
852 1938 903 1990 rim
933 1936 1012 1990 hebet
1039 1945 1159 2004 quonum
1185 1939 1338 1989 suevitstem

320 2039 398 2109 prior.
446 2035 575 2089 Exitus
603 2036 715 2104 denique
742 2036 854 2104 simplex
883 2043 924 2087 est
958 2034 1090 2089 exhaustis
1120 2037 1177 2088 sitis
1211 2034 1341 2086 omuibus.

320 2138 417 2195 Paucis
434 2135 521 2188 verbis
539 2135 662 2203 exprimit
678 2140 783 2198 votum,
810 2139 840 2185 ut
861 2131 936 2184 duret
956 2130 997 2183 iric
1023 2148 1096 2184 emor
1119 2131 1152 2183 ed
1169 2137 1339 2194 senectutem,

321 2239 386 2293 ieiix
403 2237 506 2292 iuturus
530 2237 685 2303 etismuum,
714 2235 738 2288 si
761 2233 843 2302 possit
867 2231 900 2283 sd
923 2231 999 2285 fidem
1025 2233 1110 2285 redire
1131 2232 1213 2310 iistis.
1259 2230 1340 2286 Quod

320 2335 596 2393 tsmeououisctum

723 2552 929 2564 ...a—u...

694 2756 962 2822 EXPLICATIO.

394 3002 428 3056 V.
454 3005 540 3055 1-14.
584 3000 782 3056 Exordium.
825 3003 900 3057 Heu
927 3018 1033 3058 novus
1060 3006 1184 3060 rirsiis
1211 3015 1343 3075 exstet,

324 3099 388 3153 dicit
406 3106 500 3169 poets;
526 3105 673 3169 rregoute
691 3100 777 3152 iicet
800 3099 916 3163 Delie,
940 3110 1038 3156 certe
1061 3107 1219 3174 suspicio
1243 3114 1305 3160 est.

394 3198 428 3255 V.
446 3202 460 3252 1
479 3215 535 3267 sqq.
572 3201 713 3268 Semper
730 3207 799 3266 etc,
814 3218 918 3270 semper
936 3204 973 3255 ite
990 3202 1067 3269 fucis,
1086 3212 1115 3257 ut
1133 3207 1244 3274 primum
1259 3207 1339 3259 bene·

322 3297 410 3351 votum
428 3304 455 3351 te
473 3297 535 3351 mihi
553 3297 690 3365 osteodes,
708 3299 802 3352 deinde
821 3315 898 3368 ssper
915 3302 970 3355 tius.
1006 3302 1047 3356 De
1065 3319 1116 3355 uno
1134 3305 1208 3357 riveti
1224 3306 1249 3357 iu
1266 3309 1341 3356 sote-

322 3394 433 3448 cedeute
451 3398 535 3464 elegis
553 3399 672 3467 tegimus,
691 3399 725 3452 de
743 3402 795 3453 etio
813 3399 854 3454 iric
873 3400 977 3468 dicitur,
993 3410 1129 3470 praeterea
1146 3405 1242 3458 minore
1261 3403 1339 3454 dissi-

323 3493 367 3545 dis
386 3497 503 3550 evenisse
524 3482 588 3552 uiie‘s
606 3501 656 3552 aiis
675 3518 725 3554 non
743 3502 859 3557 dubium.
894 3503 1012 3572 Denique
1029 3502 1097 3559 udde
1114 3506 1184 3572 quod
1201 3507 1227 3557 iu
1244 3504 1342 3559 effectu

324 3589 447 3675 ioquitur.
465 3619 501 3633 -
526 3596 672 3652 bisudos
697 3601 831 3664 vuitus,
858 3598 972 3654 favorem
990 3609 1016 3655 et
1034 3603 1240 3657 benevolentium
1257 3601 1342 3669 sigui-

325 3687 449 3754 ficeutes3
476 3706 535 3743 uem
553 3698 692 3763 opponitur
709 3698 827 3751 tristis
851 3706 878 3751 et
896 3716 931 3753 ss
938 3717 1013 3769 per,
1036 3704 1141 3755 immitis
1159 3710 1186 3756 et
1202 3703 1297 3767 durus,
1314 3709 1344 3755 ut

325 3788 391 3843 inire
408 3790 443 3859 11,
459 3796 486 3859 3,
505 3796 549 3846 33.
577 3805 743 3867 comparente
767 3799 835 3851 Istro
860 3802 1020 3855 Gssussoo
1045 3811 1073 3857 ct
1099 3805 1344 3859 Wurtoeuurcuroz

326 3887 403 3942 tristi
412 3889 510 3960 fronte
530 3894 640 3965 Cupido.
658 3924 694 3936 -
721 3904 758 3951 ut
776 3900 933 3967 iuducet,
958 3903 1090 3970 pellimur,
1116 3904 1248 3973 decipior,
1271 3921 1344 3974 spem

325 3989 421 4043 isettm
438 3993 590 4064 concipiam.
628 3995 724 4051 Orcus.
745 3998 772 4050 iu
797 3998 886 4053 Pison.
911 4017 934 4055 c.
954 4006 984 4054 iz
1013 4002 1145 4061 iliceos,
1171 4001 1346 4076 putisceret

324 4084 443 4155 ignotus,
461 4090 571 4161 decepit,
582 4091 700 4164 fefellit,
716 4091 836 4150 induxit.
873 4113 921 4168 pro
938 4100 1018 4155 Rode.
1036 4101 1125 4156 Amet.
1144 4117 1169 4157 ο.
1182 4103 1233 4157 4⁰:
1256 4098 1348 4155 Sociot
