3009 4725
457 310 568 378 niun.
588 310 630 374 11.
671 306 795 374 nune
817 308 873 371 111.
927 263 933 276 ⁴
1114 318 1177 374 ιιι

153 512 265 567 nequam
284 495 363 556 esset,
382 500 463 554 saepe
481 479 628 536 redhibitus
644 487 671 533 et
690 478 809 533 venditus
827 485 876 545 est,
894 484 923 533 ut
941 478 1007 535 nene
1025 481 1090 535 vidit
1107 482 1177 536 Scu-

153 612 249 654 areua.
286 594 373 660 Atque
390 587 460 640 idem
480 582 522 635 hic
540 587 632 651 postea
650 578 797 632 libertetem
813 583 906 632 nactus
923 580 1040 633 militiam
1058 583 1174 649 capessi-

154 705 242 763 verat,
260 703 288 750 et
305 707 340 748 ex
358 688 456 760 praeda
474 684 567 755 opibus
591 681 705 750 paratis,
730 694 798 732 uunc
815 694 896 747 egros
919 685 947 733 et
964 681 1039 733 viiies
1056 681 1176 749 posside-

154 804 207 857 bat.
226 824 261 842 -
290 798 430 851 Postremo
447 788 481 842 ed
499 792 582 840 totum
601 780 730 837 distichon
747 782 890 835 Scsnucaa
908 781 1079 850 fragmentum
1091 765 1159 837 Ἀιιι

155 914 290 956 canonum
307 899 443 964 comperet
458 904 502 958 ap.
519 888 630 941 dunen·
647 882 709 949 xit,
727 899 753 951 p.
770 885 832 936 eeu.
852 882 884 934 F.
901 910 937 922 -

225 1001 258 1053 V.
276 999 386 1051 iii-¹18.
428 987 576 1044 Medium
600 997 747 1037 carmen.
789 983 873 1036 Para
898 985 1016 1038 tertia.
1051 982 1176 1056 Exagi-

156 1108 230 1154 teta
253 1094 389 1151 luxurie
415 1087 573 1144 Nemesis
597 1083 660 1136 iam
685 1080 825 1135 deorum
848 1084 1038 1147 agrestium
1056 1086 1176 1153 copias

157 1198 293 1252 rurales
310 1195 468 1255 accuset,
486 1191 521 1241 et
537 1183 691 1255 periisse
707 1178 820 1246 malit,
836 1194 922 1246 quae
939 1195 1027 1234 nunc
1046 1182 1177 1237 aiiexc-

157 1303 235 1351 runi
257 1292 421 1365 pucilam,
445 1294 478 1341 et
501 1289 625 1340 contra
648 1277 769 1334 iaudat
786 1278 894 1348 prisci
917 1282 991 1334 aevi
1010 1281 1178 1351 simplici·

159 1403 278 1460 tatem,
302 1392 360 1446 ubi
386 1385 573 1458 glandibus
599 1388 634 1436 et
659 1393 746 1448 aqna
773 1381 934 1433 conteuti
962 1378 1118 1436 homiues
1145 1384 1179 1437 ia

159 1499 251 1554 vaiie
284 1492 442 1548 umbrosa
475 1488 589 1542 iibere
622 1481 747 1537 amoris
780 1478 919 1547 gaudiia
955 1479 1179 1547 fruebantur,

160 1585 256 1653 nulio
281 1575 449 1656 custode(
466 1589 563 1643 uuiia
588 1587 691 1639 ianua
715 1580 924 1636 excludente
949 1588 1122 1637 amentem.

230 1699 264 1752 V.
278 1702 311 1751 ei
331 1711 372 1762 sq.
407 1693 448 1746 At
465 1690 530 1744 tibi
554 1687 638 1741 dura
655 1686 771 1739 (iores.
806 1682 943 1735 Transims
960 1681 1060 1747 clerus,
1086 1683 1178 1735 iecuua

160 1797 201 1850 hic
217 1797 294 1849 nulia.
329 1792 415 1868 Etiam
433 1788 468 1842 dii
486 1791 605 1856 agrestes
621 1783 744 1838 adinveni
761 1781 858 1834 meruli
876 1778 993 1834 hodierni
1007 1794 1092 1833 mores
1110 1782 1177 1834 aila-

158 1901 192 1954 tis
209 1897 326 1952 iauiioria
342 1897 412 1949 vites
429 1881 561 1948 subsidii.
595 1888 635 1942 Ac
652 1902 721 1940 nuuc
738 1884 870 1939 Nemesim
886 1882 1064 1948 abduxerunt,
1087 1889 1117 1935 ut
1134 1882 1176 1935 di-

159 2000 236 2052 uitem
255 1995 434 2066 praedatorem
450 1992 477 2044 iu
497 2006 542 2045 rus
557 1991 719 2055 sequeretur.
756 1982 826 2036 Dicit
849 1983 944 2051 igitur:
973 1982 1054 2036 Vobis
1077 1988 1174 2045 autem,

159 2098 204 2164 qui
222 2112 279 2149 cum
298 2107 382 2148 messe
400 2097 486 2145 vestre
503 2088 616 2142 menime
634 2090 756 2137 auctores
774 2082 836 2135 estis
854 2079 930 2135 huius
947 2081 1090 2147 discessus,
1114 2097 1177 2150 per-

161 2203 221 2249 eant
242 2196 308 2249 ieme
329 2191 431 2261 copiae.
468 2188 529 2242 Vox
548 2188 624 2237 Ceres
642 2188 684 2237 est
701 2180 847 2236 emendatio
864 2181 979 2235 Harusu
997 2197 1036 2251 pr.
1054 2188 1179 2250 corrupto

160 2312 242 2366 segor.
278 2291 359 2346 addit
369 2290 507 2344 Vunruusr
525 2280 686 2354 „Epitheton
701 2279 772 2332 duro
785 2295 939 2349 quemquam
954 2279 1004 2333 hoc
1021 2281 1079 2333 ioco
1095 2280 1179 2347 sigiri-

162 2396 223 2448 ficat
241 2389 372 2446 crudelia.
398 2386 553 2456 perpetuum
576 2398 635 2437 esse
658 2386 753 2451 potent
790 2381 871 2436 Ceres
892 2382 959 2435 enim
978 2395 1082 2449 semper
1099 2394 1179 2432 occu·

163 2500 223 2564 pate
246 2493 273 2545 iu
297 2503 377 2558 opere
395 2487 491 2539 rustico
509 2482 574 2535 dura
596 2480 644 2533 deu
670 2487 711 2533 est
734 2485 762 2531 et
784 2479 921 2533 laboriosa.
957 2479 1074 2548 opponit
1092 2485 1178 2531 autem

161 2597 240 2665 poeta
265 2589 346 2642 durae
370 2583 459 2639 Cereri
484 2578 614 2634 Bacchum
638 2577 783 2633 tenerum.“
824 2578 1025 2640 minuimento,
1052 2592 1110 2629 nem
1130 2593 1179 2629 uec

161 2694 211 2747 dici
235 2692 303 2745 solet
327 2687 456 2742 laboriosa
481 2684 563 2736 Ceres
587 2699 637 2737 uec
660 2688 750 2751 uptnm
776 2684 817 2733 esi
843 2678 895 2729 ieie
920 2673 1052 2743 epitheton
1078 2675 1104 2726 iu
1129 2674 1180 2728 hoc

161 2792 256 2844 affectu
273 2787 397 2856 elegiaco.
433 2784 516 2850 igitur
534 2783 605 2851 prins
622 2786 690 2834 tene.
703 2807 738 2821 -·
757 2776 853 2831 uuila
873 2775 886 2828 i
890 2775 961 2839 ide,
980 2790 1030 2827 nou
1050 2774 1181 2841 persolvet

161 2907 220 2944 cum
237 2890 296 2944 uda.
333 2884 436 2955 Accipit
456 2897 519 2935 vero
543 2887 613 2933 terra
637 2895 743 2944 umen,
771 2883 802 2929 ιιι
826 2891 884 2928 cum
910 2874 993 2926 usuris
1011 2871 1103 2925 reddet
1120 2887 1179 2923 sor-

162 2998 232 3055 tem,
259 2987 392 3042 notissime
417 2998 515 3052 genere
533 2978 644 3032 dicendi.
684 2975 775 3031 Tellus
793 2975 881 3044 infido
900 2973 1006 3025 Lucius.
1023 2968 1139 3024 Pheraei.
1158 2968 1180 3032 i,

161 3093 223 3142 641.
246 3083 348 3140 dicitnr.
383 3082 450 3137 add.
467 3080 534 3134 inira
550 3078 586 3143 11,
604 3081 630 3142 d,
647 3078 692 3128 22.
727 3074 971 3128 Wnuneuarcurns
991 3069 1091 3124 eouiert
1109 3068 1177 3121 Piin.

161 3186 197 3252 li,
215 3190 264 3239 uae
290 3186 378 3255 Quam
401 3181 470 3236 iona
487 3179 548 3250 fide
566 3189 641 3232 reno
660 3176 791 3229 creditum
808 3176 912 3247 svenne
937 3171 1043 3225 reddit!
1059 3197 1096 3209 -
1124 3171 1181 3224 iia-

161 3291 233 3340 stant
249 3284 340 3338 verba:
367 3282 537 3337 Nemesim
562 3296 648 3347 quae
671 3276 818 3330 abducis
835 3274 875 3326 ab
893 3272 984 3326 urbe.
1020 3270 1091 3324 uteie
1109 3269 1182 3323 Ves-

160 3402 219 3443 sius
236 3401 271 3440 ex
288 3384 362 3438 malis
380 3381 456 3436 codd.
475 3394 610 3435 nervosam
635 3377 805 3429 locutionem:
833 3368 945 3421 abducis
965 3366 999 3418 ab
1017 3365 1082 3419 urbe
1099 3366 1180 3435 fregit

161 3490 332 3543 substituens:
357 3487 432 3540 ducis
454 3485 487 3538 ab
513 3482 585 3536 urbe.
622 3476 759 3531 Reiuievit
781 3474 860 3526 ctiam
878 3471 1050 3525 Huscurrus.
1086 3470 1183 3541 Impri-

162 3586 210 3636 mis
233 3601 295 3638 vero
317 3585 457 3639 illustravit
481 3597 556 3636 usum
575 3571 1069 3639 verbinairuna.edLiv.XXV11‚
1088 3575 1133 3623 29.
1155 3577 1183 3623 et

162 3681 297 3734 Heinsius
313 3685 341 3734 iu
357 3685 461 3749 Syiiog·
484 3682 519 3736 T.
537 3678 572 3745 11,
590 3695 617 3746 p.
635 3678 697 3729 349.
733 3671 806 3725 lueet
824 3686 892 3724 nune
909 3669 973 3724 hoc:
998 3686 1066 3738 quae
1085 3669 1183 3721 Neme-

161 3778 211 3831 sim
229 3776 289 3829 mihi
306 3779 396 3847 eripis.
413 3781 516 3835 ,Porro
534 3792 622 3832 errare
647 3771 757 3828 cundem
782 3750 963 3832 manifestum,
986 3769 1030 3835 qui
1050 3766 1184 3820 Nemesim

161 3876 189 3929 in
206 3876 289 3927 eitera
306 3881 383 3943 parte
400 3878 511 3943 Augusti
533 3877 560 3929 iu
584 3890 628 3929 rua
646 3874 747 3927 verine
772 3879 889 3928 eminens
908 3866 1039 3919 semina
1057 3863 1186 3929 intelliget

162 3978 277 4031 instante
293 3980 436 4028 auctumuo
454 3976 603 4043 condenda3
621 3975 761 4046 permirum
781 3978 850 4034 enim
868 3969 917 4033 sit,
935 3967 958 4019 si
976 3965 1058 4017 Cerea
1074 3963 1188 4033 pneiiem

162 4083 192 4131 ui
209 4077 321 4131 aemonii
339 4076 489 4142 interesset,
506 4076 644 4133 abduxerit
661 4080 687 4134 iu
705 4091 759 4134 rus.
778 4077 970 4141 ..Postremo
990 4064 1091 4122 deuiis
1109 4063 1191 4118 totius
