3009 4725
306 390 356 461 52
604 385 789 461 TIBULLI
826 388 911 460 LlB.
934 389 976 460 ll.
994 406 1020 463 5.

322 575 424 677 slpse
451 570 649 673 triumphali
671 572 847 650 devinctus
869 593 1024 676 tempora
1047 575 1155 667 lauro,

397 704 489 776 Dum
516 702 692 777 cumulant
717 732 812 794 aras,
844 705 889 777 ad
915 722 973 778 tua
996 734 1092 780 sacra
1116 706 1201 778 veni.

349 832 419 905 sed
441 832 571 906 nitidus
597 832 807 934 pulcherque
832 835 926 910 veni:
951 863 1042 908 nunc
1068 835 1173 909 indue
1199 852 1323 909 vestem

398 963 610 1063 Sepositam,
643 960 764 1060 longas
789 990 881 1034 nunc
907 961 995 1037 bene
1020 982 1116 1064 pecte
1143 993 1275 1055 comas,

342 1089 490 1187 Qualem
517 1108 548 1164 te
574 1107 764 1164 memorant
784 1091 933 1164 Saturno
957 1120 1037 1191 rege
1060 1094 1177 1193 fugato

304 1239 340 1292 10
399 1220 528 1293 Victori
555 1218 673 1293 laudes
695 1219 911 1294 concinuisse
934 1221 1014 1293 lovi.

344 1350 397 1422 Tu
424 1349 545 1450 procul
572 1367 731 1423 eventura
758 1349 871 1438 vides,
903 1350 965 1424 tibi
993 1351 1128 1426 deditus
1155 1380 1265 1451 augur

394 1477 466 1551 Scit
490 1477 576 1551 bene
603 1477 687 1579 quitl
715 1478 776 1551 sati
799 1479 943 1580 provida
967 1499 1077 1555 cantet
1100 1481 1188 1569 avis,

340 1608 463 1706 Tuque
487 1608 579 1705 regis
602 1625 727 1697 sortes,
760 1637 824 1709 per
849 1624 881 1682 te
904 1610 1088 1710 praesentit
1114 1635 1275 1709 aruspex,

392 1735 541 1809 Lubrica
563 1737 710 1835 signavit
736 1765 812 1810 cum
841 1737 925 1810 deus
951 1755 1024 1811 exta
1050 1738 1158 1811 notis:

301 1864 394 1938 15Te
421 1863 507 1938 duce
527 1867 704 1939 Romanos
729 1894 906 1967 nunquam
929 1866 1090 1941 frustrata
1106 1865 1237 1971 Sibylla
1262 1883 1322 1953 est,

393 1993 523 2068 Abdita
549 2023 637 2097 quae
660 1995 750 2068 senis
775 1996 846 2070 fata
872 1997 964 2069 canit
988 1997 1152 2095 pedibus!

344 2123 502 2213 Phoebe,
537 2153 652 2198 sacras
675 2123 898 2196 Messalinum
924 2124 997 2195 sine
1024 2140 1162 2219 tangere
1185 2120 1318 2193 chartas

389 2254 505 2340 Vatis,
536 2254 668 2350 etipse
695 2278 818 2350 precor
841 2248 935 2350 quod
961 2268 1062 2321 canat
1085 2249 1142 2321 illa
1169 2248 1263 2322 (loce.

341 2384 433 2457 Haec
459 2381 554 2454 dedit
566 2380 701 2453 Aeneae
723 2395 842 2467 sortes,
867 2396 1049 2479 postquam
1074 2378 1130 2453 ille
1143 2396 1318 2481 parentem

300 2526 337 2581 20
394 2510 530 2583 Dicitur
555 2527 588 2581 et
612 2525 728 2609 raptos
755 2507 956 2580 sustinuisse
979 2508 1094 2581 Lares.

341 2640 412 2714 Nec
438 2637 511 2711 sore
539 2636 698 2711 credebat
723 2638 880 2725 Romam,
907 2664 988 2710 cum
1006 2655 1154 2710 maestus
1181 2636 1224 2710 ab
1251 2635 1318 2710 alto

387 2768 477 2842 lliou
504 2769 661 2842 ardentes
687 2765 936 2867 respiceretque
963 2768 1055 2840 deos.

343 2896 535 2994 (Romulus
559 2913 713 2969 aeternae
739 2896 895 2968 nondum
921 2895 1112 2970 firmaverat
1137 2896 1233 2970 urbis

392 3026 549 3115 Moenia,
581 3023 730 3100 consorti
756 3051 828 3097 nou
854 3022 1042 3099 habitanda
1067 3027 1195 3115 Remo,

372 3336 461 3393 V.ll.
487 3335 628 3391 deditus
649 3334 744 3405 probat
763 3334 956 3389 Lacununus
976 3349 1035 3389 cum
1057 3335 1217 3399 Huscuno,
1242 3347 1319 3400 quem

302 3434 418 3501 sequitur
436 3436 615 3488 Gonnuurus.
652 3435 718 3487 Aliis
736 3434 822 3502 placet
840 3435 922 3485 attera
940 3433 1017 3486 lectio
1036 3430 1149 3484 debitus.
1165 3458 1197 3469 -
1233 3430 1318 3482 1116.

301 3530 438 3596 Sibylla
457 3538 511 3584 est
529 3533 608 3600 vulgo
625 3532 686 3585 iude
703 3530 737 3584 ab
751 3534 831 3584 Anno
850 3535 919 3581 1515
935 3536 1014 3581 recte.
1051 3528 1241 3579 Lacnnsnuus
1259 3539 1319 3576 cum

300 3627 373 3681 libris
397 3629 528 3696 plerisque
550 3639 592 3681 eet
617 3631 712 3683 omialt.
757 3628 827 3682 Mire
844 3628 958 3679 Vossws
982 3640 1074 3692 prosse
1097 3624 1207 3675 orationl
1232 3624 1319 3690 potius

301 3725 439 3785 convenire
463 3731 536 3793 putat
560 3736 615 3792 est,
647 3731 675 3779 tu
701 3726 793 3780 confer
816 3722 1022 3792 Explicatiouem
1048 3720 1080 3773 ad
1105 3721 1246 3786 1‚1‚ae.

372 3852 405 3905 V.
417 3854 459 3904 18.
477 3852 567 3920 quod
585 3853 643 3905 libri
661 3853 793 3921 plerique,
815 3848 879 3903 be.
897 3848 924 3903 id
942 3848 1028 3916 quod,
1047 3855 1076 3902 ut
1093 3848 1160 3902 intre
1176 3849 1321 3915 111‚e‚so.

300 3951 347 4017 1v,
365 3954 398 4017 6,
419 3953 463 4004 15.

371 4075 404 4126 V.
415 4076 459 4125 Ἠ.
486 4071 692 4126 llrmttverttt
716 4075 796 4123 recto·
841 4072 892 4124 Atti
910 4071 1101 4142 formaverat,
1119 4070 1304 4143 fundaverat.
