3009 4725
332 387 385 463 tt
613 387 798 462 TIBULLI
835 389 919 465 ΠΒ.
940 389 980 464 11.
999 405 1025 463 2.
1043 405 1071 462 s.

373 575 556 676 Auguror,
589 577 704 653 uxoris
727 574 817 652 {idos
843 577 980 680 optabis
1006 585 1155 654 umores:

422 707 495 780 lam
521 733 602 781 reor
623 705 688 781 hoe
713 707 810 808 ipsos
836 708 1016 783 edidicisse
1039 708 1130 782 deos.

370 835 441 908 Nee
465 834 529 910 tibi
554 835 731 922 malueris,
763 853 871 910 totum
897 862 1123 937 quaecuuque
1145 863 1209 938 per
1235 838 1355 916 orbem

420 966 533 1040 Fortis
553 982 628 1040 erut
649 962 762 1038 valido
787 963 935 1037 rusticus
961 992 1042 1040 arra
1064 965 1169 1056 bore,

333 1095 446 1170 15Nee
471 1094 551 1182 tibi,
580 1118 791 1191 gemmarum
815 1091 982 1193 quiequid
1006 1091 1164 1168 selicrbus
1188 1094 1285 1169 ludis

419 1221 596 1310 Nascitur,
628 1220 783 1323 Eoique
808 1221 913 1296 maris
938 1221 1033 1297 unda
1059 1222 1168 1297 rubet

371 1355 459 1424 Vota
482 1349 617 1424 eadunt.
647 1349 779 1424 utinam
803 1350 1062 1451 strepitantibus
1087 1352 1222 1427 advolet
1246 1351 1309 1427 alis

421 1477 593 1581 Flavaque
619 1478 781 1577 coniugio
808 1477 943 1554 vincula
965 1498 1078 1582 portet
1101 1482 1227 1571 Amor,

368 1608 525 1699 Vincula,
546 1636 633 1709 quae
646 1625 805 1683 mereunt
817 1635 962 1712 semper,
984 1610 1068 1683 duur
1084 1610 1181 1688 tarda
1196 1627 1352 1687 senectus
1389 1687 1398 1706 ,

328 1754 366 1810 20
422 1738 568 1822 luducat
593 1767 697 1838 rugas
719 1737 916 1839 inficiatque
942 1766 1066 1813 eomas.

369 1871 443 1945 Hae
468 1870 581 1944 veniat
604 1867 735 1942 Natalis
763 1868 815 1941 uvi
842 1867 1042 1973 prolemque
1067 1866 1251 1958 ministret,
1285 1956 1287 1958 .
1375 1859 1380 1868 ’

423 2000 537 2077 Ludat
562 2016 595 2076 et
620 2015 698 2076 ante
723 2016 801 2075 tuos
827 1999 927 2078 turba
953 1996 1085 2073 novella
1104 1996 1218 2101 pedes.

651 2328 916 2392 ELEGIA
968 2328 1024 2392 111.

361 2437 483 2570 Rura
508 2519 637 2584 meam,
663 2494 840 2585 Cerinthe,
863 2512 979 2570 teuent
999 2491 1164 2592 villaeque
1182 2488 1348 2592 puellum:

418 2625 564 2697 Ferreus
591 2642 651 2715 est,
676 2624 745 2699 heu
771 2626 849 2715 heu,
874 2625 1030 2726 quisquis
1049 2624 1087 2696 iu
1113 2624 1199 2698 urbe
1225 2638 1346 2696 manet.

368 2754 448 2854 Ipsa
472 2756 589 2828 Venus
615 2753 703 2828 latos
726 2756 796 2828 iam
821 2782 914 2829 nuuc
938 2754 1097 2854 migravit
1120 2752 1158 2826 in
1184 2779 1302 2851 agtus,

417 2884 598 2986 Verbaque
624 2885 768 2958 aratoris
794 2885 920 2958 rustice
947 2884 1049 2959 discit
1072 2887 1189 2958 Amor.

397 3067 488 3121 uer.
514 3068 644 3121 utrum
669 3068 735 3121 tete.
784 3068 873 3136 vargo
897 3065 976 3119 vider
1000 3076 1033 3118 ur
1064 3066 1098 3119 ee
1123 3066 1256 3135 praeeram
1281 3078 1345 3117 eon·
1403 3044 1415 3069 '
1494 3052 1496 3179 p

325 3158 425 3212 ieeturs
449 3160 545 3213 Grues
570 3164 599 3212 st
625 3159 746 3213 Hersen.
766 3189 803 3201 -
847 3161 1123 3229 strepitantibus
1147 3158 1214 3214 libri.
1259 3158 1346 3226 Vulgo

324 3250 523 3322 trepidantibus
546 3253 581 3306 de
604 3253 751 3306 coniectura
775 3253 920 3309 {strom
944 3256 988 3307 vix
1012 3252 1166 3308 necessaris.

396 3348 430 3404 V.
440 3354 485 3405 21.
506 3349 563 3402 Hic
582 3351 673 3402 veniat
692 3350 805 3405 Natalis
825 3354 885 3405 avis
904 3352 1096 3407 Lucrusuuus
1115 3366 1148 3404 ex
1167 3350 1248 3405 tibris.
1283 3348 1344 3414 Ego

326 3457 385 3496 eum
401 3442 546 3498 nmmo
564 3444 661 3513 probos
685 3444 756 3499 Hse
780 3446 898 3499 vsuist
922 3444 1059 3519 Nststis
1083 3442 1152 3507 sri,
1176 3443 1202 3493 iu
1220 3437 1343 3507 quotae

325 3534 373 3586 cri
397 3535 431 3588 de
451 3537 600 3591 coniectura
623 3538 736 3594 Herusu
757 3538 891 3603 scribitur,
920 3537 964 3602 qui
989 3543 1074 3587 umen
1097 3533 1154 3584 sine
1177 3532 1245 3583 iusts
1263 3529 1344 3582 ἀντα

325 3628 404 3680 etism
427 3627 518 3677 veniat
540 3629 567 3681 in
592 3629 683 3684 venius
707 3633 816 3686 mutavit
839 3638 866 3684 et
890 3628 1024 3680 ministret
1046 3627 1073 3678 itt
1097 3622 1246 3690 ministres,
1273 3621 1344 3691 quod

325 3722 405 3788 vulgo
423 3718 525 3773 babent.
562 3723 688 3793 Suspicor
704 3727 767 3778 item
785 3741 843 3779 curn
860 3724 1004 3776 Huscrmo
1023 3720 1050 3772 in
1073 3723 1234 3787 pentametro
1252 3726 1285 3768 ut
1304 3732 1343 3785 pr.

325 3821 360 3869 et
377 3831 394 3868 s
411 3813 517 3867 Tibullo
534 3815 665 3883 scriptum.

396 3915 429 3968 V·
440 3917 465 3967 3.
484 3913 556 3967 Libri
575 3914 629 3968 iere
649 3918 746 3969 istos.
784 3916 872 3983 Vulgo
889 3911 974 3965 laetor
990 3930 1024 3967 ex
1041 3913 1113 3966 tibris
1127 3911 1260 3974 Munere,
1278 3922 1343 3975 quos

324 4012 427 4058 veteres
448 4006 519 4059 dicit.
555 4007 677 4059 Ceterum
695 4006 814 4060 confusio
831 4007 968 4073 solemnis,
993 4007 1026 4061 ci.
1047 4007 1196 4059 bursius.
1215 4002 1248 4055 sd
1267 4000 1342 4054 Ouid.

324 4095 409 4163 Epist.
428 4097 495 4161 xli,
511 4101 562 4162 db,
587 4102 691 4151 uotsuts
710 4098 834 4151 Herum.
