3009 4725
330 468 404 511 novt
739 445 797 506 DE
820 438 941 508 POESI

328 625 403 684 alias
425 622 543 685 formas
571 612 721 692 induens,
751 613 852 678 donec
879 616 914 677 in
939 615 1029 680 exitu
1050 617 1187 701 quietem
1210 622 1350 703 qualem·

329 757 454 819 cunque
479 731 635 807 inveniat,
665 748 794 791 servans
821 749 897 792 vero
920 730 1038 812 ubique
1060 730 1179 795 unitate
1200 754 1256 795 sua
1276 736 1349 795 uni-

328 863 424 912 tatem
444 846 599 909 carminis.
643 844 686 906 Ut
704 865 770 905 uno
787 847 885 908 verbo
903 844 1074 908 describam
1092 857 1193 908 totum
1211 869 1346 925 crsasum,

328 965 442 1047 querela
462 962 576 1022 exordii
592 965 693 1021 transit
712 965 741 1020 in
762 972 893 1040 spumam
913 961 1027 1021 tollendi
1046 965 1203 1037 miserium,
1231 975 1347 1023 caumas

326 1082 384 1137 nait
403 1081 431 1136 in
452 1079 574 1157 requiem
595 1095 732 1134 curarum
753 1075 985 1156 qualemcumque.
1026 1071 1197 1137 Videamus
1217 1077 1347 1154 singula.

327 1190 467 1251 Primum
487 1188 586 1250 affero
607 1206 701 1248 carm.
715 1187 755 1263 11,
766 1185 796 1247 4.
838 1186 981 1250 Nemesis
995 1184 1207 1249 indissolubili
1220 1187 1346 1249 vinculo

327 1313 452 1382 ceperat
472 1300 650 1376 Tibullum,
681 1297 737 1360 sed
765 1302 846 1361 male
873 1301 1010 1362 habebat
1036 1301 1118 1362 fastu
1145 1321 1187 1361 ex
1214 1302 1346 1364 avaritia
1446 1335 1447 1339 =

324 1414 532 1492 intolerabili,
563 1424 659 1496 atque
687 1413 738 1474 hic
767 1431 876 1473 sensus
906 1414 1024 1476 servitii
1051 1412 1225 1492 durissimi,
1259 1434 1344 1475 nunc

325 1531 462 1611 primum
479 1527 583 1592 vivide
602 1542 769 1609 penetrans
787 1530 942 1602 animum,
963 1541 1010 1588 ast
1026 1529 1156 1590 affecms
1176 1528 1344 1607 primarius

325 1643 486 1712 carminis,
513 1639 601 1723 quod
621 1642 789 1703 vehemens
811 1651 842 1701 et
862 1638 1065 1718 iracundum,
1095 1643 1233 1702 maxinm
1255 1654 1344 1702 motu

324 1756 421 1818 animi
450 1753 664 1835 desperatione
693 1753 818 1815 oborto.
867 1750 979 1814 Prodit
1001 1766 1098 1815 status
1119 1754 1167 1815 rei
1186 1754 1290 1814 statim
1310 1754 1345 1814 in

324 1869 473 1947 exordio,
502 1883 538 1932 ut
557 1890 617 1950 par
638 1880 698 1944 est,
729 1870 787 1930 ubi
812 1869 1007 1930 lamentabili
1035 1870 1177 1929 oratione
1201 1868 1345 1951 queriurr

322 1984 495 2061 miseriam,
522 1983 557 2043 in
579 2003 642 2064 qua
662 1992 816 2042 versatur.
859 1981 996 2041 'lumin
1019 1981 1123 2045 medio
1145 1981 1280 2043 carmine
1302 1977 1342 2039 ad

323 2117 430 2159 causas
460 2108 490 2157 et
517 2095 623 2158 fontes
651 2092 795 2153 miseriae
823 2091 905 2155 redit
934 2096 1079 2175 querela,
1112 2108 1144 2156 et
1170 2093 1341 2156 detestatam

323 2213 485 2275 avaritiam
514 2221 544 2269 et
572 2208 733 2268 luxuriam
759 2210 947 2289 puellarum.
994 2211 1092 2288 igitur
1118 2228 1202 2268 nunc
1230 2208 1340 2269 crescit

321 2336 441 2400 motus,
462 2322 606 2387 veniente
627 2322 676 2383 ira
697 2335 728 2385 et
747 2323 980 2405 indignationes
1002 2343 1095 2385 avara
1114 2323 1218 2403 puella
1240 2334 1285 2383 est
1308 2333 1339 2384 et

322 2438 460 2501 carmina
481 2436 561 2499 nihil
581 2448 730 2516 prosunt,
752 2437 903 2499 iubentur
921 2436 1031 2518 procul
1051 2438 1098 2496 ire
1114 2436 1225 2497 Musae
1241 2436 1339 2496 inuti·

320 2557 385 2629 les;
408 2561 501 2611 erunt
520 2562 631 2631 poetae
649 2572 708 2631 per
727 2553 791 2612 viru
812 2547 891 2611 adeo
910 2547 994 2612 dona
1012 2547 1201 2632 quaerenda,
1223 2552 1339 2633 quibus

321 2665 488 2728 satisfaciat
513 2665 670 2729 avaritiae.
721 2665 784 2728 Sed
807 2664 883 2729 dum
911 2667 955 2730 sic
982 2665 1117 2730 ostendit
1143 2679 1176 2727 et
1204 2668 1340 2745 exagitat

320 2780 507 2862 pravitatem
523 2780 669 2842 avaritiae
690 2780 802 2856 huius,
822 2781 918 2860 magis
938 2784 1032 2843 etiam
1048 2780 1189 2842 irritatur
1206 2782 1339 2858 animus,

320 2895 466 2960 dicuntur
480 2896 544 2959 iam
562 2896 791 2956 exsecrationes
809 2896 989 2957 auctoribus
1007 2898 1199 2960 luxuriasset
1215 2899 1339 2979 puellae

319 3033 432 3077 avarae
450 3011 521 3091 ipsi,
542 3010 686 3090 opposita
700 3011 882 3072 mollissima
897 3008 990 3072 laude
1006 3014 1170 3089 bonarum,
1189 3026 1226 3076 ut
1240 3014 1340 3075 aculei

318 3125 431 3187 fortius
452 3135 603 3202 pungant.
651 3124 754 3206 Atque
777 3124 821 3184 ita
841 3121 928 3185 vides
951 3138 1023 3203 post
1044 3130 1204 3209 querelam
1226 3128 1339 3189 innui-

318 3251 369 3299 tus
396 3234 533 3299 vividam
558 3235 637 3300 duos
664 3258 764 3302 novos
792 3238 906 3319 padus
932 3242 993 3302 sibi
1015 3243 1180 3307 succedere
1208 3242 1337 3305 effecum

320 3348 458 3411 eiusdem
478 3352 629 3413 continuo
647 3353 822 3413 crescentis.
863 3351 927 3413 Sed
949 3375 1035 3418 nunc
1049 3370 1177 3421 revocat
1193 3376 1225 3419 se
1244 3371 1337 3437 poeta

319 3466 360 3526 ab
381 3466 439 3527 hac
459 3465 622 3529 iracundia
641 3488 700 3547 per
718 3472 923 3531 bruncionem
940 3473 1125 3549 sententiae,
1146 3472 1236 3532 aliter
1251 3472 1336 3531 enirn

318 3579 403 3643 finiri
428 3581 489 3643 hoc
519 3600 643 3642 carmen
672 3599 738 3641 non
766 3594 907 3663 poterat,
938 3599 970 3647 et
994 3585 1145 3647 submittit
1173 3603 1206 3644 sc
1233 3592 1337 3643 totum

317 3697 472 3760 voluntati
502 3696 642 3777 puellae,
679 3710 808 3777 paratus
839 3702 946 3762 omnia
976 3697 1060 3782 quod
1090 3698 1166 3761 velit
1193 3694 1336 3760 Nemesis

317 3812 420 3873 iacere
447 3822 479 3873 et
507 3811 591 3891 pati,
622 3809 649 3872 si
675 3811 771 3875 modo
797 3815 908 3877 faveat.
951 3811 1002 3874 Sic
1021 3809 1158 3893 denique
1183 3811 1337 3893 obsequi0

319 3944 515 3987 commovere
545 3921 664 4003 studet,
694 3944 789 4008 quarn
810 3939 882 3987 ants
903 3926 1100 3989 vehementia
1122 3924 1253 3987 affectus
1272 3936 1336 3983 ter-

315 4051 432 4099 ruerat.
473 4039 707 4102 Veuiarnusad
729 4058 855 4102 carmen
875 4042 922 4116 Il,
941 4047 975 4104 6.
1018 4041 1174 4103 Dur-itiam
1192 4038 1335 4101 Nemesis

315 4162 409 4229 poeta
428 4152 543 4215 iterum
564 4152 689 4215 flectere
716 4166 865 4228 conatur,
897 4151 953 4217 sed
973 4172 1058 4213 nunc
1078 4150 1177 4213 flebili
1198 4151 1334 4213 maxime
