3009 4725
574 417 759 484 TlBULLl.
1128 449 1180 488 mu

149 623 228 687 quae
250 615 282 666 et
304 602 378 682 ipsa
409 596 546 659 alienum
575 615 714 660 amorem
744 593 954 661 adumbrant?
998 599 1065 664 Gur
1093 624 1178 668 com·

149 719 262 799 pou‘tio
294 716 478 779 carminum
506 711 609 775 differt
639 735 658 774 a
687 710 891 776 Tibulliana?
941 714 1008 779 Cur
1041 721 1177 783 elocutio

150 847 197 895 tot
217 832 399 896 discrimina
421 844 453 892 et
474 829 551 893 vitia
566 831 695 891 habeta
714 829 833 890 Tibulli
847 830 953 892 limata
970 845 1036 894 arte
1053 835 1176 899 aliena?

153 948 220 1009 liae
240 969 291 1010 reo
310 949 394 1009 enim
416 946 580 1030 sequentia
602 946 703 1026 capita
732 942 907 1006 ostendent.
957 942 1063 1021 Quare
1087 948 1177 1012 nihili

157 1061 251 1123 etiam
270 1063 347 1123 baec
370 1060 487 1141 opinio,
511 1059 630 1121 nemini
652 1055 738 1140 quod
760 1057 855 1119 sciam
876 1071 1002 1139 practer
1022 1060 1177 1143 Vulpium

157 1185 190 1237 et
208 1174 404 1236 Huschkium
423 1174 547 1254 placita.
568 1205 614 1217 -
645 1172 808 1234 Postremo
828 1169 868 1232 de
890 1180 988 1256 quarti
1007 1176 1074 1237 libri
1093 1178 1176 1254 elegi·

152 1290 207 1351 diis
225 1287 365 1371 pulchris
386 1289 541 1349 nonnulla
560 1296 636 1347 eunt
653 1282 796 1346 dicenda.
838 1281 1005 1360 Quomodo
1027 1287 1096 1351 fieri
1117 1311 1175 1371 po·

150 1406 246 1467 tuerit
264 1426 326 1486 per
345 1416 523 1484 temporum
545 1400 718 1475 rationem,
747 1411 785 1461 ut
804 1400 949 1464 Tibullus
970 1413 1041 1483 post
1060 1404 1174 1468 Deliae

149 1531 179 1581 et
197 1519 353 1601 Glycerae
370 1514 544 1597 perfidiam,
567 1533 638 1577 cum
658 1510 781 1576 videret
801 1512 956 1595 Sulpiciae
977 1521 1171 1599 praeclarum

148 1653 290 1696 amorem
308 1634 345 1693 in
367 1629 571 1704 Corinthum,
591 1627 678 1689 huno
699 1623 882 1708 depingeret
902 1641 934 1692 at
950 1632 1030 1694 alius
1049 1635 1172 1714 generis

150 1749 258 1829 puella
280 1743 424 1807 ornanda
440 1764 582 1807 recreare
603 1743 700 1806 vellet
714 1744 871 1822 animum,
892 1743 1027 1810 vidimus
1048 1750 1083 1810 in
1095 1752 1171 1814 Vita

151 1870 280 1941 poetae.
318 1858 359 1918 ln
379 1877 441 1938 quo
463 1855 588 1939 quidem
608 1869 793 1935 argumento
814 1857 976 1923 tractando
998 1883 1070 1926 outa
1087 1865 1171 1928 veri·

150 1973 223 2036 tatia
245 1985 279 2034 et
298 1970 435 2035 fictionis
453 1973 589 2053 poeticae
609 1971 747 2036 rationes
769 1971 982 2051 coniunxerit,
1005 1976 1066 2038 alia
1085 1978 1171 2041 cimi-

149 2088 201 2167 lia,
222 2089 284 2149 alia
305 2086 466 2150 dissimilia
488 2089 679 2170 exspectabis
701 2087 813 2150 ceteris
829 2086 949 2149 Tibulli
973 2090 1172 2156 carminibus.

150 2199 222 2264 Nou
241 2213 354 2281 regnat
374 2200 425 2264 bic
450 2201 533 2262 ruria
555 2221 645 2263 amor
666 2200 866 2264 Tibulliauuo
893 2222 951 2265 nec
980 2203 1168 2270 rusticarum

151 2335 253 2378 terum
272 2314 383 2378 laudea
406 2319 629 2398 reporitmtur,
657 2340 729 2381 cum
750 2338 816 2381 non
838 2338 913 2383 auos
934 2318 990 2382 sed
1012 2319 1168 2405 Sulpiciae

154 2441 186 2490 et
212 2430 351 2493 Corinthi
377 2450 482 2493 morea
511 2429 688 2495 adumbret.
738 2431 806 2494 Nec
836 2453 913 2514 quaa
941 2434 1010 2515 ipae
1036 2455 1168 2501 cuorum

151 2545 321 2607 carminum
342 2545 534 2607 eroticorum
556 2564 664 2606 caueae
684 2545 794 2625 babet,
816 2547 1059 2625 clanensium,
1080 2548 1168 2612 duri·

86 2724 96 2743 ¹
149 2657 225 2720 tiam
243 2672 299 2720 aut
319 2658 482 2740 perfidiam
504 2658 700 2741 puellarum,
729 2657 773 2720 tic
795 2661 913 2738 pariter
938 2660 972 2720 in
998 2661 1047 2723 bia
1074 2664 1168 2744 elegi·

149 2770 209 2836 diio
230 2775 472 2854 exspectaveris,
500 2776 559 2837 ubi
584 2773 741 2857 Sulpiciae
768 2785 843 2835 cunt
866 2774 1034 2853 primariae
1054 2789 1168 2854 partes,

149 2887 344 2969 clintonia,
374 2890 427 2972 qui
451 2903 590 2969 amatiu,
617 2889 759 2953 timidior
780 2902 836 2952 eat.
883 2889 1055 2969 Postquam
1075 2900 1169 2967 pocta

147 3002 291 3082 eorporis
305 3000 399 3067 dccua
415 3003 564 3083 laudavit,
586 3005 716 3067 exbibet
739 3004 808 3068 aliis
827 3004 861 3064 in
884 3000 1074 3064 carminibus
1097 3022 1169 3062 seu-

146 3138 198 3179 oua
218 3118 362 3200 pudiea,
394 3140 475 3202 quae
503 3142 590 3183 minc
618 3121 767 3184 natalitiis
796 3120 881 3183 festis
908 3128 983 3180 vota
1010 3114 1168 3197 iacitpro

146 3230 422 3311 mercennarii,
443 3254 528 3296 nuno
551 3235 723 3296 absentiam
745 3235 838 3297 amati
859 3232 1003 3317 queritur
1019 3242 1165 3296 venatum

146 3345 226 3405 tube
247 3345 370 3424 epeeai,
393 3346 571 3427 nuncipaa
591 3346 770 3410 mouentia
789 3366 845 3409 ruo
865 3347 912 3409 ire
932 3348 1045 3428 procul
1067 3368 1085 3407 a
1108 3343 1167 3407 Co·

145 3457 270 3539 untho,
304 3481 390 3523 nunc
419 3463 578 3545 zelotypia
605 3462 739 3545 puellari
768 3460 909 3541 eapitur,
943 3460 1004 3522 alio
1026 3472 1167 3540 tempore

144 3573 258 3636 morbo
276 3572 411 3638 laborat.
453 3574 513 3638 llio
538 3589 631 3658 attare
653 3576 768 3638 talibus
789 3575 888 3636 cauus
908 3574 1054 3639 nituntur
1075 3596 1167 3655 argu·

144 3688 389 3750 nentaborum
410 3691 602 3768 carminum,
633 3688 690 3751 ubi
711 3688 803 3751 etiam
815 3688 952 3766 ,iuvenis
972 3706 1077 3750 mores
1097 3705 1167 3748 mo-

145 3790 222 3861 duci
242 3801 338 3862 timul
358 3817 530 3883 apparent,
554 3803 613 3866 otei
632 3806 683 3869 hic
705 3822 862 3888 nusquam
876 3790 1028 3886 loquitur.
1071 3801 1167 3861 Amo·

140 3914 187 3975 ria
207 3928 315 3977 autem
334 3917 394 3996 vie,
422 3918 481 4000 qui
501 3919 553 3982 hio
575 3915 763 4000 depingitur,
785 3916 905 3979 Tibulli
924 3912 1051 3995 ingenio
1071 3914 1167 3993 plane

143 4026 322 4095 mutans:
356 4036 465 4114 puella
493 4032 615 4098 fervido
644 4047 742 4112 amat,
774 4028 1041 4117 quemadmodum
1067 4029 1170 4110 placet

143 4142 254 4220 Albio,
281 4147 391 4209 vitare
413 4149 614 4231 nequitatiae
637 4146 806 4225 Cerintho,
829 4160 861 4208 et
881 4147 941 4209 bos
961 4146 1048 4225 igneo
1069 4145 1168 4207 libere
