3009 4725
285 439 404 484 cmxv
690 421 750 485 DE
772 422 895 490 POESI

369 584 445 650 Vidi
465 607 523 668 ego
545 588 602 672 qui
621 595 747 652 tuomum
768 593 899 656 miseros
920 593 1046 659 lusisset
1065 617 1207 680 amores,

409 702 480 764 Poet
498 701 633 765 Veneris
654 703 766 768 vinclis
787 704 923 769 subdere
947 710 1028 771 colla
1048 731 1150 774 erum

368 870 440 934 Heu
462 874 601 937 canimus
622 876 756 958 frustra,
786 902 844 943 nec
864 882 952 944 cerdis
973 883 1055 948 victa
1074 885 1205 967 patescit

412 987 526 1065 Ianum
556 987 611 1052 eed
631 993 717 1073 plena
738 1007 785 1056 est
805 993 1011 1076 percutienda
1031 1016 1128 1062 muru

368 1161 431 1231 Sed
452 1191 492 1232 ne
512 1184 544 1234 te
566 1176 706 1257 capiant,
732 1184 825 1261 primo
844 1181 872 1244 ei
893 1180 975 1244 forte
997 1183 1123 1264 negabit

411 1281 546 1366 Taedia3
573 1291 713 1371 paulatim
734 1293 793 1353 sub
815 1294 888 1373 iuga
910 1295 989 1358 colla
1010 1296 1107 1361 dabit.

370 1452 470 1540 Saepe
492 1480 549 1541 ego
570 1463 688 1530 tentavi
709 1487 799 1531 curas
823 1461 978 1552 depellere
999 1472 1093 1536 vino:

409 1571 453 1635 At
473 1572 565 1638 dolor
585 1579 619 1640 in
640 1579 784 1644 lacrimae
805 1597 942 1649 verterat
963 1605 1055 1648 omne
1076 1606 1209 1650 merum.

284 1706 371 1773 Haec
397 1711 493 1793 igitur
514 1727 609 1800 atque
635 1721 710 1781 talia
732 1736 820 1804 patet
844 1726 978 1792 similem
998 1728 1064 1791 vim
1083 1728 1203 1792 habere
1225 1727 1307 1794 divi·

284 1820 426 1886 sionibus
448 1839 479 1888 ct
498 1832 654 1909 egregium
676 1855 743 1897 esse
769 1835 854 1901 illiue
880 1841 1013 1904 rationis
1033 1845 1308 1924 complementum.

285 1936 558 2015 Quemadmodum
576 1950 670 2011 etiem
688 1953 823 2016 maiores
845 1952 1050 2019 distichorum
1069 1968 1101 2022 et
1118 1957 1307 2037 ampliorum

283 2055 427 2120 locorum
453 2061 667 2141 oppositiones
696 2066 819 2143 variae,
851 2065 892 2129 de
920 2069 1036 2151 quibus
1060 2065 1306 2148 supradictum,

284 2168 350 2233 eive
372 2170 526 2234 divisione
545 2176 611 2238 sive
633 2177 697 2239 alio
716 2177 813 2240 modo
836 2178 992 2257 orianum,
1015 2175 1147 2238 eandem
1166 2175 1307 2239 indolem

284 2281 483 2346 Tibulliattae
507 2286 692 2352 elocutionis
714 2301 747 2350 et
773 2289 849 2350 artie
873 2288 1034 2371 referunt,
1063 2290 1152 2350 cuiue
1176 2291 1306 2353 omuino

284 2396 435 2477 propriae
457 2396 633 2480 distinctae,
655 2401 804 2464 discretae
824 2402 989 2465 nervosius
1005 2401 1236 2481 membrorum,
1258 2402 1306 2464 di·

285 2509 477 2591 enehorum,
516 2514 672 2579 maiorsmt
703 2516 849 2579 locorum
878 2515 1028 2579 redonet·
1091 2515 1196 2598 Atque
1229 2515 1307 2578 hoec

286 2621 448 2688 hactenus.
499 2628 591 2690 Iuvat
612 2625 749 2709 denique
777 2641 851 2710 post
872 2630 978 2692 omnia
1000 2625 1083 2696 dicta
1108 2645 1193 2690 nunc
1215 2651 1309 2691 enar-

285 2740 438 2800 rationem
468 2741 598 2806 brevem
631 2743 736 2819 elegiae
763 2750 876 2825 pn‘ruae
905 2744 971 2804 libri
997 2748 1085 2826 prims·
1110 2744 1309 2823 subiungere,

286 2862 322 2912 ut
341 2851 501 2915 luculento
524 2856 668 2935 exemplo
691 2867 792 2917 totum
814 2858 1004 2936 explicatum
1026 2848 1189 2939 hucusque
1211 2877 1308 2935 genus

286 2965 411 3033 dicendi
431 2970 646 3032 Tibullianum
674 2991 746 3032 cum
774 2968 982 3033 divisionibus
1004 2984 1036 3033 et
1057 2970 1309 3054 oppositionibus

286 3102 392 3144 rerum
420 3085 564 3164 plurimis
593 3085 634 3146 ob
662 3085 770 3146 oculos
798 3103 926 3164 ponam.
977 3085 1077 3164 Igitur
1097 3087 1131 3145 in
1152 3070 1309 3166 principio

287 3215 360 3256 cum
387 3215 497 3257 seusus
526 3196 583 3273 sit,
623 3198 724 3257 otium
753 3195 958 3259 domesticum
990 3217 1023 3258 se
1052 3198 1129 3259 belli
1158 3195 1308 3256 molestiis

288 3307 464 3387 praeferre,
494 3309 632 3391 primum
654 3329 730 3391 opes
750 3307 936 3373 dividuntur
956 3310 990 3371 in
1013 3331 1119 3373 aurum
1143 3319 1175 3370 et
1198 3328 1310 3391 passm·

285 3425 374 3482 siena
402 3444 556 3500 agrorum,
594 3445 730 3506 qrvarum
760 3444 868 3485 rerum
901 3425 1122 3485 coniunctione
1157 3431 1308 3497 constant,

288 3547 355 3596 tum
377 3547 583 3615 opponuntur
602 3539 636 3597 in
655 3536 794 3598 secundo
811 3535 942 3599 disticho
961 3537 1120 3599 molestiae
1137 3546 1308 3596 castrenses

287 3669 372 3711 nova
389 3646 550 3726 divisione,
572 3653 680 3732 quake
698 3673 758 3732 per
770 3651 846 3711 diem
861 3664 892 3713 et
905 3672 963 3733 per
980 3660 1096 3726 marm,
1117 3646 1308 3728 descriptae:

288 3773 447 3859 postremo
468 3763 528 3824 toti
548 3764 597 3825 hie
614 3762 752 3827 distichis
772 3767 932 3827 absolutae
949 3762 1120 3825 sententiae
1136 3761 1311 3842 opponitur

287 3890 456 3956 paupertas
486 3889 518 3939 et
546 3878 647 3940 otium
674 3880 783 3960 paucis
813 3890 1005 3941 contentum
1054 3875 1150 3939 Nunc
1173 3873 1246 3938 vide
1276 3884 1313 3934 ut

288 3989 349 4051 hoc
369 4002 490 4053 tractet.
538 3992 665 4053 Transit
691 3988 730 4051 ad
752 3990 878 4069 negotia
898 3993 1033 4069 rustica,
1065 3991 1313 4052 ercamserta

288 4115 319 4164 et
345 4104 472 4179 grandia
495 4125 583 4184 poma
613 4124 717 4164 serere
742 4104 829 4182 vult,
863 4126 897 4165 ac
920 4116 1023 4185 speret
1036 4099 1160 4180 frugum
1181 4118 1311 4162 acervos
