3009 4725
491 396 601 460 LlBR.
622 396 648 458 1.
690 396 811 461 ELEG.
833 401 873 462 11.
1155 420 1196 478 35

173 585 283 633 strn-
302 576 419 642 Vtro.
456 573 536 627 Nom
554 574 743 644 positaest.
780 573 857 626 Nunc
875 574 979 630 demean
997 593 1101 634 canum
1118 581 1197 637 disci·

173 694 231 732 uras
248 683 379 730 tantorum
398 674 527 739 dolorum,
545 685 624 728 recte.
661 673 717 727 Fac
737 675 904 744 praemissam
921 692 1034 744 auum,
1050 678 1144 735 deinde
1161 683 1196 736 ds

171 776 348 846 consopiendo
368 774 461 827 dolore
479 772 540 825 inde
558 779 617 826 orto
634 772 746 836 dictum,
770 771 851 825 fracto
868 779 938 826 esset
956 777 1059 842 poetica
1078 780 1117 832 vis
1133 781 1194 845 loci,

171 891 237 942 quaa
255 876 386 927 inversum
405 867 522 923 ordinem
546 870 572 921 in
598 870 692 922 talibus
711 868 841 936 postulat,
865 870 898 922 ci.
917 871 939 936 Ι,
956 877 983 936 tl,
1000 879 1027 928 ⁶.
1072 876 1195 934 Ceterum

170 972 243 1025 rides
260 971 324 1039 quid
343 985 386 1022 res
403 969 455 1032 sit3
473 982 532 1020 cum
550 967 621 1019 iores
639 981 690 1018 non
708 968 872 1034 aperiantur,
891 974 970 1035 poeta
988 974 1120 1028 concludit
1135 992 1193 1031 nna-

172 1075 251 1126 ritum
264 1072 356 1124 Deliae
371 1067 492 1122 custodes
510 1068 635 1136 posuisse,
653 1082 719 1133 quos
732 1067 823 1120 tallere
839 1073 867 1120 et
883 1071 1027 1137 transgredi
1046 1073 1095 1141 (ll,
1106 1079 1132 1141 1,
1142 1079 1194 1147 ¹15)

174 1171 261 1238 puella
278 1184 330 1221 non
347 1182 411 1221 ansa
428 1168 471 1220 rit.
507 1164 564 1217 Nec
582 1164 673 1234 ileliae
688 1165 817 1230 irascitur,
835 1166 883 1219 scd
901 1166 1019 1223 tortuoso
1037 1172 1144 1228 crudeli.
1157 1204 1193 1216 -

152 1329 156 1334 .
173 1265 290 1332 firma,
309 1281 358 1335 per
375 1264 521 1334 prolepsin,
540 1267 570 1314 ut
587 1261 661 1313 lirnra
678 1261 720 1314 sit.
759 1262 808 1314 niti
820 1260 919 1332 fulto,
939 1269 1044 1334 munita,
1061 1276 1092 1323 ut
1108 1272 1194 1326 vm,

171 1366 319 1431 ten.vl11,
331 1369 401 1418 227:
414 1362 562 1435 fultosque
579 1360 692 1412 emuniit
709 1359 791 1418 obiice
807 1371 907 1431 posteo,
926 1371 955 1417 et
968 1367 1050 1419 Orto.
1065 1369 1122 1423 Art,
1133 1372 1193 1424 Am.

170 1468 205 1533 ll,
221 1471 289 1522 2442
307 1474 391 1538 atque
408 1463 461 1516 erit
479 1461 608 1532 apposito
624 1461 711 1513 ianua
723 1462 808 1532 fullo
825 1481 895 1516 sero.
932 1466 1000 1522 vide
1016 1467 1112 1524 liure.
1134 1472 1194 1525 Ob.

172 1571 275 1618 rewatt
295 1589 328 1605 -
354 1577 428 1616 sera
446 1567 488 1616 est
505 1561 628 1630 pessulus
646 1560 747 1625 ligneus
765 1566 811 1613 ant
828 1560 944 1628 ferreus,
969 1581 1087 1622 reserare
1104 1577 1192 1626 autem

173 1663 275 1731 aperire
291 1661 404 1714 retracto
422 1661 536 1729 pessulo.
573 1658 650 1711 Nunc
668 1660 784 1713 Vossms
808 1660 875 1713 bene
893 1670 982 1717 monet
998 1681 1082 1721 seram
1101 1673 1192 1726 occul.

173 1768 227 1816 tarn
245 1764 271 1816 iu
287 1763 399 1814 cluam
419 1759 583 1829 cogitandam
602 1760 658 1813 iere
674 1766 704 1812 ut
721 1762 747 1812 iu
765 1763 875 1828 nostris,
895 1780 961 1830 quaa
981 1775 1053 1821 retro
1071 1771 1192 1826 trabeba-

174 1869 218 1916 tur
234 1863 331 1915 inserta
351 1861 433 1926 clari,
458 1867 503 1913 ant
524 1862 567 1913 ubi
585 1859 650 1913 baec
667 1875 718 1912 noo
740 1859 860 1924 adesset,
887 1860 964 1912 danie
985 1864 1138 1937 (Districlr)
1158 1871 1192 1925 ci.

173 1978 197 2015 v.
213 1965 266 2023 la„
282 1977 359 2029 quam
374 1958 471 2011 clavim
485 1957 639 2010 adulteram
655 1957 718 2011 dicit
732 1957 815 2010 Orto.
829 1960 885 2010 nrt
900 1960 958 2011 Am.
968 1959 1016 2026 lll,
1026 1966 1087 2017 64³.
1123 1967 1193 2021 Vide

174 2061 207 2114 de
231 2062 490 2114 claustrisoeterun
509 2053 761 2110 vernarent.
781 2061 809 2107 et
830 2057 950 2110 snum.
974 2057 1102 2114 Exercitt.
1122 2063 1192 2118 Plio.

173 2178 198 2230 p.
216 2161 279 2213 654.
302 2159 364 2213 edit.
382 2161 460 2211 1689.
477 2181 514 2197 ·-
532 2156 595 2210 Ἡ
613 2170 653 2220 sq.
671 2154 785 2206 lanua.
821 2153 985 2223 Apostrophe
1005 2164 1046 2209 eat
1062 2159 1145 2225 ligura
1163 2166 1192 2213 et

172 2262 303 2330 aptissima
317 2266 344 2314 et
358 2258 527 2313 usitatissima
543 2257 569 2308 in
588 2257 688 2323 elegiis.
725 2258 764 2309 Ac
781 2257 864 2309 ianuis
881 2256 986 2324 quidem
1003 2257 1081 2310 etiam
1098 2257 1192 2326 religio

172 2364 356 2416 veterumvirn
374 2361 558 2426 nescioquam
583 2360 707 2412 maiorem
732 2357 879 2424 tribuebat,
904 2358 931 2411 ia
952 2356 1083 2412 amoribus
1103 2370 1192 2415 antem

172 2457 241 2510 baad
266 2461 378 2524 exiguae
404 2465 478 2511 erant
502 2472 591 2511 earum
614 2465 711 2526 partes.
758 2458 799 2511 lbi
823 2464 951 2511 amatores
978 2473 1057 2526 saepe
1082 2460 1192 2513 multum

173 2556 259 2608 noctis
277 2562 425 2619 versantur,
449 2555 560 2620 albgunt
576 2558 703 2621 corollas,
726 2562 853 2623 spargunt
871 2564 1017 2622 unguenta,
1043 2560 1193 2611 osculantur

173 2659 327 2725 posternat
343 2653 444 2718 limina,
468 2654 558 2707 eadem
579 2656 685 2708 floribus
703 2660 731 2706 et
755 2654 832 2705 sertis
850 2652 1017 2720 operiuntur,
1041 2662 1193 2722 queruntur,

172 2760 264 2818 oram,
292 2753 423 2818 rixantur,
451 2752 616 2807 maledicant.
652 2754 698 2806 Sic
715 2749 907 2820 proropopoeia
930 2757 957 2800 et
980 2750 1135 2805 allocutione
1152 2755 1192 2807 ia-

172 2866 281 2905 nuarum
297 2850 360 2904 nibil
377 2856 435 2903 erat
450 2850 626 2917 trequenttm
651 2856 725 2903 erant
749 2848 822 2914 quasi
840 2849 915 2901 vivae
930 2847 1028 2899 amicae
1045 2854 1091 2898 aot
1108 2850 1193 2902 inimi·

174 2966 221 3003 cae
237 2956 391 3002 amatorem.
427 2950 552 3002 Ceterum
578 2950 612 3002 ci.
637 2950 792 3001 Sncnrrna.
812 2946 845 3001 do
868 2947 957 2999 laonio
975 2947 1035 2999 Vet.
1054 2962 1077 2998 c.
1096 2949 1139 2998 bl.
1156 2973 1192 2988 -

174 3052 343 3106 ‹tillictttr
356 3068 415 3106 cum
432 3051 518 3104 ianua
535 3052 632 3119 iuuge;
650 3050 709 3104 huic
726 3050 794 3104 enim
812 3051 942 3114 irascitur,
959 3064 1010 3100 non
1033 3048 1142 3115 puellae.
1158 3069 1192 3087 -·

175 3152 350 3215 verberet,
371 3153 454 3207 Vnae.
473 3156 538 3206 Aen.
556 3152 604 3218 lx,
619 3156 680 3205 609.
712 3152 779 3205 Αάἀ.
799 3153 976 3206 Broocrnus.
995 3156 1022 3200 et
1040 3147 1098 3200 ride
1115 3146 1194 3199 ivur-

177 3264 308 3302 enarro!
326 3252 352 3302 in
369 3251 488 3320 Epistola
506 3252 563 3305 crit.
583 3249 616 3304 de
637 3252 725 3305 Valet.
743 3251 831 3303 flacc.
859 3267 884 3318 p.
902 3248 946 3303 tr.
975 3246 1053 3301 docte
1070 3242 1145 3298 burlos
1166 3251 1194 3297 et

174 3351 287 3404 aliorum
303 3352 439 3409 verborum
455 3353 577 3406 similium
596 3353 721 3420 ,exempla
745 3358 940 3419 congerentem·
957 3376 993 3391 -
1018 3346 1113 3400 loris
1139 3347 1194 3399 inr-

173 3453 290 3521 perio,
307 3466 360 3504 non
379 3467 416 3519 pr.
435 3453 505 3506 iussn
526 3452 610 3518 loris,
628 3468 687 3504 uam
705 3452 762 3521 lpse
780 3447 887 3502 fulmina
904 3448 1007 3499 mittere
1024 3444 1194 3511 debeldum,

173 3565 221 3605 nec
238 3550 412 3605 demandato
428 3553 594 3621 cogitandum
610 3553 667 3605 aliis
683 3552 732 3605 diis
749 3549 849 3613 dand03
870 3548 958 3614 potius
976 3563 1033 3600 curn
1050 3547 1195 3601 Wunoaa·

173 3665 268 3704 uerno
289 3652 407 3720 intelligo
425 3650 457 3702 ele
481 3651 552 3704 coelo
575 3654 652 3706 missa
676 3651 793 3705 fulmina.
830 3649 897 3721 Cum
914 3647 982 3701 culm
1000 3644 1083 3700 imber
1100 3662 1116 3698 a
1134 3660 1194 3714 pro·
1261 3666 1268 3677 ·

126 3808 135 3825 ,
174 3746 290 3817 plorabas
307 3750 374 3803 airis
390 3749 542 3816 regionibus
558 3750 660 3817 veniat,
681 3749 750 3802 lovis
767 3748 903 3816 imperinm
922 3753 963 3800 eat
979 3744 1083 3809 aether,
1101 3751 1128 3795 et
1146 3759 1196 3810 po-

173 3846 255 3901 stain
269 3856 346 3915 poeta
361 3848 521 3904 nuncetiam
536 3852 640 3920 abipso
655 3851 718 3902 lons
732 3849 833 3903 deiecta
849 3848 963 3900 fulmina.
987 3847 1063 3897 Amat
1075 3841 1196 3893 Tibullus

175 3945 314 4025 mium
329 3947 520 4004 divisiones-
539 3950 663 4016 Vtsqq.
680 3948 801 4012 lanua,
818 3947 881 3998 ianr
898 3948 1019 4012 pateas
1033 3939 1089 3992 uui
1108 3936 1197 3990 mihi.

174 4044 269 4099 Subita
295 4048 404 4101 motatio
429 4049 539 4113 mentis,
564 4049 598 4102 de
622 4063 673 4115 qua
696 4047 780 4112 figora
799 4043 947 4097 Tibulliana
965 4038 1024 4092 ride
1047 4050 1114 4103 quae
1137 4034 1199 4087 data

172 4156 254 4211 opera
273 4146 383 4214 exposui
402 4146 428 4201 in
449 4149 558 4201 Dissert-
578 4149 610 4201 de
629 4149 701 4217 poesi
720 4146 819 4202 Tibulli
842 4158 866 4198 c.
883 4142 919 4195 ll.
962 4140 1045 4219 lforw
1065 4150 1115 4186 vox
1135 4135 1198 4186 itin

870 4242 915 4304 3*
