3009 4725
418 431 423 438 ·
481 411 590 475 nunu.
613 414 637 474 1.
679 403 799 478 utro.
823 418 877 480 ur.
1133 393 1193 488 ‘79

172 593 335 663 gaudiosus
353 591 440 645 lature
458 591 486 644 in
503 591 597 659 Elysio
615 591 748 662 depinxit,
770 595 809 647 sie
826 610 894 648 nnnc
913 595 1061 663 rivalibus„
1074 598 1119 663 qni
1136 613 1193 678 pne·

172 698 244 765 ligne
259 695 429 754 fascinatione
447 700 605 761 nocuerunt,
630 711 729 763 poenes
746 695 851 749 Tartari
869 697 1041 765 imprecatur,
1060 699 1193 769 ipsamque

171 797 272 850 Deliam
289 795 413 852 admonet
431 794 525 848 leniter
543 809 576 846 ne
597 792 675 846 tidem
700 793 795 847 laedet.
831 794 910 850 Quod
933 797 1006 849 rides
1032 813 1108 865 quam
1130 805 1193 868 epte
1271 867 1278 882 ι

171 898 282 960 positum
299 895 342 948 eit.
379 893 494 946 Facilius
512 893 583 945 euim
602 891 668 944 leret
685 900 796 944 mortem
815 899 843 945 et
860 897 1037 962 tranquilhore
1054 899 1140 952 animo
1156 898 1191 952 ed

170 997 274 1050 umbras
300 993 456 1060 descendet,
481 995 504 1047 si
530 993 609 1047 etiam
635 992 730 1045 riuales
756 994 822 1050 istor
849 996 976 1063 pessimos
1000 999 1107 1053 credere
1130 1000 1192 1054 lioet

171 1098 290 1165 punitum
314 1097 363 1158 iri3
391 1097 431 1148 ain
455 1093 551 1147 redibit
574 1089 680 1148 domum
703 1095 858 1163 incolumis,
885 1112 963 1164 quern
985 1115 1040 1153 rem
1056 1103 1082 1154 in
1100 1103 1206 1156 ultima*

171 1206 247 1267 parte
264 1198 384 1252 carminis
402 1203 513 1262 tractat,
531 1197 592 1264 qnid
611 1198 694 1264 magis
712 1198 739 1250 iu
758 1200 825 1252 rotis
843 1197 939 1253 hebere
957 1200 1050 1269 debet,
1067 1220 1144 1272 qnam
1160 1213 1191 1261 ut

169 1302 249 1355 tidem
266 1306 408 1354 etcertum
426 1299 539 1367 reperiet
556 1298 680 1352 Deliam?
726 1299 844 1355 Diximus
863 1299 897 1355 de
915 1317 984 1360 nexu
1002 1304 1053 1357 loci
1070 1322 1129 1361 cuer
1146 1324 1192 1363 re-

170 1402 241 1467 liquo
254 1386 383 1464 cerarium
401 1399 584 1452 tractationem
597 1376 743 1467 ’expiatio
761 1416 873 1469 sequens
889 1403 1037 1458 illustrabit.
1047 1436 1083 1448 -
1101 1409 1135 1462 V.
1144 1414 1190 1466 61.

169 1500 343 1553 scelerate
359 1497 479 1564 sedes,
496 1504 527 1551 nt
545 1497 773 1565 orro.olet.1v,
790 1504 852 1554 455.
889 1502 963 1558 hdde
981 1522 1040 1560 curn
1058 1507 1190 1564 Lrvrnrnro

171 1606 199 1651 et
215 1599 314 1652 Vessro
338 1598 497 1651 sceleratum
521 1597 603 1649 iirnen
626 1599 700 1666 Virg.
719 1602 785 1654 Aen.
803 1600 848 1666 vl,
871 1606 936 1655 563.
954 1633 989 1644 -
1016 1608 1110 1662 iacet
1134 1612 1189 1663 ab.

171 1699 246 1752 dite
269 1716 309 1769 pr.
329 1705 371 1753 est
388 1700 492 1766 abdite,
516 1701 565 1753 nisi
583 1700 654 1768 qnod
679 1699 749 1750 iacet
768 1701 950 1769 profunditatis
974 1706 1190 1772 significationem

170 1801 284 1868 adiuret.
302 1802 382 1856 ono.
401 1802 466 1856 hiet.
484 1801 519 1868 ll,
538 1807 598 1855 1⁷9.
620 1828 652 1843 ·-
672 1802 704 1855 lu
723 1808 827 1857 necte
845 1804 1026 1874 preiund'n,
1045 1825 1104 1863 cum
1122 1810 1189 1879 Ely-

171 1901 244 1956 sium
258 1906 349 1955 eontra
370 1901 451 1954 solem
474 1898 583 1963 hebeat,
610 1881 662 1969 qno
687 1901 861 1955 collustretur.
880 1928 914 1944 -
940 1921 1036 1972 qnam
1061 1910 1188 1966 circum
1231 1899 1237 1908 ¹

170 2003 311 2057 flumine
329 2004 427 2071 nigre
442 2010 576 2058 sonent.
615 2002 690 2072 epod
703 2005 858 2058 Vrnarnrnn
869 2004 1034 2075 Phlegethon
1048 2009 1188 2068 Tartenum

168 2103 263 2170 ambit,
288 2104 352 2157 den.
374 2103 420 2169 vl,
437 2108 501 2157 5⁵0.
537 2103 626 2156 Habet
650 2106 719 2158 enim
744 2103 870 2159 Tartarus
893 2108 997 2177 proprie
1020 2111 1186 2178 munimenta,

168 2209 196 2256 et
213 2201 330 2257 dicerem
347 2209 407 2256 sunt
424 2202 527 2268 nudae,
552 2218 620 2270 qnae
638 2208 722 2257 toturn
741 2204 840 2258 Orcum
858 2205 991 2262 includunt
1007 2216 1035 2262 et
1052 2209 1085 2263 eb
1102 2212 1188 2264 omni·

169 2302 217 2355 bns
243 2303 341 2358 umbris
368 2304 540 2359 trniieinntnr.
569 2332 605 2344 -
640 2306 674 2360 V.
700 2310 745 2359 69.
782 2305 1042 2378 Tisiphoneque
1068 2312 1188 2370 saevit.

167 2402 250 2471 lotus,
267 2406 312 2471 ait,
324 2403 476 2474 Tisiphone,
494 2404 622 2457 cnmihcis
634 2419 728 2459 munus
742 2403 849 2473 hebens,
867 2408 972 2475 flagello
990 2410 1108 2478 exagitat
1124 2426 1186 2465 son-

169 2506 225 2566 tes,
243 2502 277 2557 ci.
294 2504 378 2556 Vino.
401 2507 464 2557 hen.
483 2504 530 2572 vl,
548 2509 630 2569 sto.,
648 2512 675 2558 et
691 2506 777 2560 inedie
795 2509 960 2577 ardentibus,
978 2516 1008 2564 nt
1025 2511 1140 2565 additum
1159 2512 1186 2566 in

169 2602 252 2656 Calin.
270 2606 332 2655 ult.
350 2603 473 2670 eliasque,
490 2605 527 2659 ol.
541 2607 723 2660 Bnouerune.
741 2636 778 2646 -
796 2608 931 2676 impexa
950 2625 1010 2676 pro
1028 2612 1186 2666 crinibus

166 2719 311 2772 angues,
336 2701 432 2757 hebere
456 2706 483 2757 in
507 2711 592 2775 cupite
617 2722 665 2775 pro
689 2708 803 2761 crinibus
826 2724 926 2776 angues
944 2707 1061 2765 horridos
1081 2722 1113 2768 'et
1136 2715 1186 2767 im-

166 2819 257 2872 peres.
294 2802 435 2859 Colubriue
452 2806 577 2875 capillitlo
593 2807 724 2861 terribiles
740 2806 821 2859 furies
839 2806 956 2861 iecerunt
974 2821 1064 2861 omnes
1082 2817 1185 2878 poene.

164 2906 288 2960 Ceterum
305 2907 465 2961 constructio
481 2913 523 2961 est
538 2914 568 2961 nt
585 2906 704 2960 incomta
721 2907 834 2978 capillos
847 2910 895 2976 nl,
909 2913 937 2974 2,
951 2912 993 2963 11.
1011 2915 1038 2962 et
1054 2907 1185 2979 implexae

164 3020 268 3076 angues
285 3005 445 3059 Eumenides
465 3007 550 3061 Vrec.
569 3007 670 3074 Georg.
690 3007 736 3073 lu,
752 3010 825 3075 seu,
843 3007 991 3063 similie.-
1007 3013 1042 3061 et
1059 3004 1123 3061 hue
1143 3008 1183 3060 il-

163 3106 219 3160 lne
243 3107 345 3160 turbe
368 3107 470 3175 tagit.
507 3107 568 3161 Nou
585 3108 667 3162 diuite
693 3115 721 3163 et
739 3108 790 3163 huc
808 3110 870 3163 illuc
888 3108 990 3163 turbem
1006 3106 1098 3176 inqet,
1122 3107 1184 3173 quie

164 3219 216 3257 nen
235 3206 332 3274 pellere
350 3209 405 3261 vult
422 3206 567 3277 Tisiphone
584 3215 688 3274 sontes,
705 3209 752 3263 sed
770 3209 821 3279 ipsi
840 3209 950 3278 fugiant
964 3235 999 3249 -
1024 3207 1057 3261 V.
1076 3209 1120 3260 il.
1136 3210 1183 3263 tn.
1275 3246 1278 3252 ι
1392 3254 1396 3263 ,

164 3302 220 3359 Qui
239 3303 324 3358 obiter
345 3307 407 3359 talis
424 3306 578 3376 inspiciunt,
606 3314 748 3375 querentur
765 3308 860 3361 iterans
877 3308 1063 3375 negligentiam
1087 3312 1183 3376 poene

163 3409 192 3457 et
216 3417 368 3472 perversum
390 3419 477 3459 rerum
501 3406 634 3473 ordinem3
659 3408 698 3460 sic
721 3407 790 3459 enlm
814 3405 950 3459 dicendum
975 3404 1056 3459 inisse
1074 3411 1104 3458 et
1122 3412 1183 3475 post

162 3486 267 3555 dominia
286 3501 428 3556 Cerberum
446 3510 506 3559 ante
527 3506 596 3559 lares
614 3514 786 3570 memoraret,
814 3510 946 3573 postremo
963 3503 1123 3575 Tisiphonen
1142 3507 1185 3560 in-

163 3606 213 3655 tus.
250 3603 290 3661 h
313 3601 423 3657 dixisset
446 3610 518 3658 certe
536 3606 571 3658 lta
590 3602 757 3673 geographus
782 3603 873 3656 bonus.
909 3603 994 3657 Aliter
1016 3620 1080 3659 vern
1103 3612 1184 3675 poete

163 3717 231 3756 nune
248 3703 379 3771 iudicavit,
394 3705 440 3772 qni
456 3707 510 3759 situ
527 3707 577 3761 loci
595 3712 624 3760 et
640 3707 724 3759 fluviis
742 3704 915 3758 ambientibus
932 3684 1080 3761 memoretis
1095 3710 1183 3761 stetim

162 3801 190 3854 in
210 3802 334 3859 interiore
359 3822 409 3860 nos
429 3806 516 3874 ducit,
540 3816 570 3862 nt
587 3806 747 3878 Tisiphonen
765 3809 898 3862 rideamus
915 3812 1073 3864 saevientem
1091 3812 1120 3862 et
1140 3810 1183 3861 in·

160 3898 276 3965 pleniora
295 3900 345 3957 hnc
366 3905 429 3958 illue
454 3906 572 3973 turbam,
594 3914 649 3961 tum
674 3907 778 3960 demum
801 3890 924 3977 iu'porte
940 3910 1019 3973 etiem
1038 3907 1181 3961 Cerberum

160 4004 295 4053 monne
331 4004 392 4059 aa·
410 3978 447 4058 ra'
461 4005 561 4058 auor
588 4005 715 4059 Ninum
730 4006 769 4060 oo
784 4006 903 4075 ganno
916 4005 1012 4060 aaron
1026 4005 1182 4074 unaquo-

158 4099 202 4151 uis
218 4101 337 4168 exsistit,
362 4104 528 4173 efficiturque
546 4114 576 4160 nt
594 4114 654 4177 post
673 4110 804 4177 cognitam
821 4108 905 4161 iuriae
924 4104 1104 4176 persequentis
1121 4119 1181 4159 ne-

158 4199 246 4254 ritiem
275 4214 357 4259 novus
384 4200 470 4259 terier
498 4204 546 4259 libi
569 4207 667 4262 orietur
692 4224 738 4275 ee,
767 4208 836 4278 qued
862 4208 979 4277 effugere
1004 4220 1056 4261 nou
1074 4214 1182 4275 possent
