3009 4725
299 408 348 479 36
598 401 782 476 TlBULLl
820 403 906 476 LlB.
927 403 953 479 l.
977 422 1019 477 to.

315 593 389 668 5At
409 588 496 664 nihil
517 588 574 662 ille
598 589 702 663 miser
726 590 877 665 munit?
909 617 974 664 nos
1000 590 1046 665 ad
1071 591 1160 666 mala
1185 612 1302 670 nostra

391 720 596 809 Venimusp
612 717 650 791 iu
670 745 789 793 saevas
810 718 905 819 quod
932 720 1027 795 dedit
1049 720 1107 795 ille
1131 723 1231 798 seras.

339 849 463 924 Divitis
487 846 555 923 hoe
574 847 692 921 vitium
717 865 768 922 est
790 847 884 938 auri,
911 876 975 923 nec
1002 847 1089 923 bella
1115 850 1272 943 fuerunt,

385 977 539 1077 Faginus
562 976 695 1050 astabat
720 1003 798 1050 cum
825 976 976 1081 scyphus
1002 996 1081 1054 aute
1106 978 1223 1082 dapes.

340 1109 559 1197 Non-arms,
584 1131 655 1180 non
681 1104 789 1180 vallus
816 1123 906 1193 erat,
932 1134 1160 1211 somnumque
1186 1108 1321 1212 petebat

299 1257 334 1312 10
393 1238 542 1312 Securus
567 1236 677 1309 varias
705 1234 774 1309 dur
801 1235 916 1334 gregis
942 1237 1032 1311 inter
1055 1265 1143 1316 oves.

336 1368 435 1442 Tunc
457 1366 542 1440 mihi
564 1364 631 1439 viia
653 1363 759 1454 foret,
794 1363 887 1464 vulgi
914 1392 977 1440 nec
1001 1366 1110 1440 tristia
1133 1393 1267 1439 nossem

387 1499 494 1571 Arma
520 1523 583 1570 nec
611 1493 783 1568 audissem
811 1494 915 1569 eorde
939 1496 1086 1569 micante
1112 1495 1249 1570 tubam:

335 1629 436 1700 Nunc
463 1625 508 1700 ad
532 1622 620 1700 bella
639 1623 768 1713 trahor,
792 1641 825 1698 et
849 1624 916 1697 iam
943 1626 1020 1726 quis
1047 1624 1193 1702 forsitan
1213 1626 1321 1700 bostis

390 1758 548 1831 Haesura
572 1756 610 1827 in
632 1772 751 1830 nostro
776 1754 841 1829 tela
867 1755 955 1853 gerit
980 1754 1092 1830 latere

301 1903 335 1961 1⁵
346 1887 415 1962 Sed
440 1887 543 1988 patrii
565 1902 694 1960 servate
719 1887 846 1960 Lares:
885 1885 1018 1960 aluistis
1043 1905 1076 1960 et
1097 1885 1209 1975 idem,

393 2020 572 2092 Cursarem
599 2034 727 2091 vestros
754 2045 832 2090 cum
859 2033 955 2090 tener
978 2033 1055 2089 ante
1080 2015 1195 2115 pedes.

343 2148 418 2222 Neu
444 2145 574 2247 pudeat
600 2147 716 2248 prisco
741 2173 801 2219 ros
826 2171 899 2217 esse
925 2172 942 2215 e
963 2142 1075 2241 stipite
1101 2140 1229 2214 factos:

391 2275 449 2350 Sic
475 2275 595 2350 veteris
622 2273 719 2347 sedes
743 2269 933 2344 incoluistis
960 2269 1022 2340 avi.

343 2407 442 2480 Tunc
468 2406 589 2479 melius
615 2419 752 2473 tenuere
778 2396 900 2487 fidem,
935 2425 1011 2472 cum
1038 2421 1190 2497 paupere
1210 2395 1304 2472 cultu

302 2555 340 2611 ω
398 2535 517 2609 Stabat
536 2533 573 2604 in
599 2530 720 2628 exigua
747 2526 882 2627 ligneus
909 2526 993 2602 aede
1019 2526 1113 2601 deus.

343 2670 409 2745 llic
434 2666 588 2768 placatus
615 2681 706 2753 erat,
737 2690 798 2738 seu
823 2661 901 2762 quis
923 2659 1086 2736 libaverat
1111 2686 1213 2734 uvam

394 2799 463 2872 Seu
491 2796 631 2871 dederat
657 2812 795 2869 sanctae
816 2793 931 2893 spicea
953 2808 1043 2866 serta
1069 2818 1204 2866 comae:

219 3025 224 3035 μ
345 2930 458 3030 Atque
486 2926 609 3027 aliquis
633 2924 701 2997 voti
727 2949 869 3022 compos
895 2919 965 2994 liba
988 2922 1062 3023 ipse
1089 2918 1221 2994 ferebat

394 3058 544 3157 Postque
571 3080 684 3128 comcs
709 3078 836 3153 purum
863 3048 934 3124 lilia
958 3078 1063 3151 parva
1090 3048 1213 3124 favum.

306 3191 398 3264 25At
420 3186 521 3262 nobis
547 3200 679 3273 aerata,
713 3183 837 3272 Lares,
872 3178 1030 3281 depellite
1055 3176 1139 3266 tela,

397 3317 585 3418 Hostiaque
608 3341 626 3388 e
652 3311 755 3416 plena
778 3311 905 3385 rustica
931 3338 1058 3412 porcus
1084 3308 1176 3381 hara.

380 3528 412 3581 V.
423 3532 449 3581 5.
469 3528 566 3597 Optimi
583 3526 645 3593 An,
663 3525 733 3594 quod
750 3526 868 3593 reposuit
880 3522 1080 3575 tricasinum.
1116 3512 1167 3564 Alii
1183 3511 1236 3573 At,
1257 3505 1328 3573 quod

309 3640 397 3680 rerum
412 3624 535 3678 leniremus
549 3640 607 3679 cum
619 3626 685 3677 aliis.
715 3625 816 3676 Vossro
830 3622 877 3674 Alc
892 3618 987 3689 placuit
1000 3624 1134 3681 reponere,
1149 3607 1234 3660 minus
1247 3610 1328 3658 reete.

382 3737 414 3789 V.
423 3741 467 3791 2³.
492 3739 569 3807 ipse
591 3736 769 3795 videturesse
788 3737 813 3788 in
832 3734 1017 3786 Esouscsusr.
1054 3725 1133 3777 Certe
1151 3738 1218 3776 nune
1237 3723 1330 3775 Licn-

311 3853 423 3890 annuus
448 3835 508 3889 milri
531 3838 662 3904 significet
686 3852 744 3888 eum
767 3849 817 3888 uon
839 3831 933 3884 babere
958 3827 1034 3896 ipso,
1060 3832 1090 3878 ut
1109 3825 1135 3877 in
1154 3823 1266 3876 editione
1284 3835 1332 3873 suo

311 3936 385 3991 dixit.
411 3965 445 3976 -
497 3938 529 3991 V.
544 3940 588 3989 26.
617 3936 818 4000 Hostiaque
843 3929 902 3983 libri
927 3927 1033 3998 opunti,
1067 3932 1147 3978 recte.
1197 3923 1332 3977 Pnccuue

311 4036 413 4088 Hostia
429 4035 497 4100 erit,
517 4035 614 4100 aliique
628 4033 702 4107 iibri,
719 4031 790 4099 quod
807 4033 886 4097 rotgo
900 4028 1020 4099 probant„
1031 4053 1068 4066 -
1090 4023 1204 4093 mystica
1221 4020 1333 4088 plurimi,

311 4133 357 4184 sed
376 4133 488 4185 tenende
508 4133 590 4185 sitem
608 4133 688 4183 tectio
709 4128 854 4184 rustice.
892 4128 1086 4181 Leontinus
1104 4120 1168 4175 iliud
1189 4120 1314 4188 reposuit.
