3009 4725
332 424 432 468 xuvnt
744 401 802 464 DE
826 399 945 467 POESI

419 572 496 637 Dixi
524 572 563 638 de
593 574 704 637 Deliae
735 596 858 654 amore,
888 576 940 638 cui
968 597 1034 640 non
1058 578 1230 643 absimilem
1254 581 1350 641 fuisse

333 689 459 753 credam
486 692 623 774 Glycerae
659 711 808 754 amorem.
861 690 923 755 Sed
952 695 1059 756 ultima
1091 708 1192 758 aurata
1224 696 1351 759 Nemesis

327 805 411 881 luit,
442 824 538 887 quam
557 824 643 866 nunc
663 802 940 869 considerabimus.
991 807 1067 870 Erat
1086 811 1191 889 puelle
1213 810 1351 870 formose

331 917 417 982 band
448 917 543 984 dubie
571 931 602 981 et
631 922 770 999 elegans,
808 918 863 984 sed
892 922 1047 1003 probitate
1082 925 1176 985 Delia
1210 921 1350 997 inferior,

332 1035 450 1117 quippe
484 1032 633 1096 meretrix
668 1034 731 1095 iem
765 1044 833 1095 tum
867 1056 938 1096 eum
970 1037 1098 1099 Tibullo
1131 1037 1349 1099 innotesceret.

330 1147 487 1212 Pecuniae
515 1147 633 1211 servire
663 1159 811 1229 coeperat
838 1162 999 1230 postremo
1029 1151 1123 1213 etiam
1154 1152 1263 1229 Delia,
1296 1149 1350 1212 sed

330 1266 472 1330 Nemesis
501 1286 594 1329 avara
620 1278 703 1328 erat:
735 1266 881 1328 luxuriae
903 1268 987 1329 ultra
1013 1265 1141 1329 modum
1167 1262 1272 1326 dedita
1294 1262 1350 1346 (tte

331 1404 401 1446 mea
426 1382 555 1444 luxurio
581 1381 723 1445 Nemesis
753 1383 847 1460 fluet,
876 1366 974 1466 utque
998 1405 1057 1465 per
1087 1383 1199 1445 urbem
1225 1379 1350 1442 incedat

292 1482 293 1485 Ἴ
332 1494 424 1561 donis
445 1495 663 1578 conspiciende
686 1497 773 1559 meis.
814 1499 872 1559 Illa
892 1510 978 1577 gerat
996 1508 1099 1559 vestes
1121 1508 1247 1572 tenues,
1270 1514 1348 1577 quas

331 1610 448 1672 femina
471 1608 536 1671 Coa
556 1608 673 1687 texuit,
705 1622 829 1671 astratus
858 1607 1073 1692 disposuitque
1099 1610 1184 1673 vias:
1217 1609 1267 1670 llli
1287 1608 1350 1669 sint

332 1723 460 1786 comites
480 1723 575 1799 fusci,
600 1742 679 1804 quos
702 1720 791 1783 India
812 1733 927 1800 torret,
951 1724 1025 1820 solis
1048 1736 1080 1786 et
1100 1721 1233 1786 admotis
1253 1723 1350 1785 inficit

330 1838 409 1918 ignis
431 1835 540 1919 equist
565 1838 616 1899 llli
636 1838 766 1900 selectos
789 1851 908 1900 certent
926 1842 1079 1921 praebere
1101 1843 1221 1904 colores
1243 1840 1350 1900 Africa

329 1955 498 2036 puniceum
519 1974 779 2038 purpureumque
799 1953 925 2041 Tyros),
950 1979 1118 2019 munerum
1138 1958 1350 2035 pretiosorum

330 2070 375 2130 ite
396 2078 462 2133 erat
484 2067 615 2150 cupida,
635 2083 671 2130 ut
689 2073 762 2131 satis
784 2069 853 2130 dari
876 2093 941 2133 non
962 2083 1076 2150 posset.
1118 2069 1162 2128 Ac
1188 2088 1259 2127 cum
1283 2068 1349 2129 De·

334 2186 377 2248 lia
406 2186 491 2246 bone
522 2196 554 2244 et
581 2184 683 2260 mitis,
713 2183 768 2244 sed
794 2184 887 2244 nimis
907 2185 984 2245 levis
1006 2184 1130 2257 fuisset,
1161 2182 1238 2241 haec
1260 2179 1349 2258 dure,

332 2318 450 2383 ospera,
472 2317 573 2375 saeva,
596 2297 738 2375 superbe,
767 2298 847 2356 mele
868 2293 979 2357 callida
1001 2297 1071 2373 fuit,
1093 2297 1160 2359 eliis
1182 2296 1349 2359 ditioribus

329 2413 438 2488 facilis,
458 2412 585 2474 titum
607 2410 798 2490 difficillima,
820 2433 915 2495 quem
935 2416 1112 2495 saepissime
1133 2416 1312 2476 remittebat
1331 2436 1348 2474 a

330 2528 446 2590 lirttine.
496 2520 591 2599 Quod
618 2524 702 2586 enim
723 2526 758 2587 in
778 2526 841 2588 fine
863 2529 977 2607 elegiae
999 2540 1105 2589 sextae
1124 2528 1199 2589 libri
1222 2524 1348 2589 secundi

329 2644 418 2702 lenae
439 2658 566 2701 omnem
587 2640 712 2719 culpam
733 2639 852 2718 tribuit,
874 2642 1011 2721 puellam
1031 2660 1109 2704 vero
1130 2642 1246 2703 bonam
1268 2638 1348 2713 dicit,

329 2766 527 2832 persuaserat
549 2754 610 2816 sibi
629 2756 691 2828 hoc
714 2776 803 2818 amor
823 2769 949 2835 poetae,
976 2777 1088 2820 revere
1111 2769 1215 2817 autem
1234 2746 1348 2817 Nemo·

328 2865 371 2926 sis
394 2885 462 2927 non
488 2865 615 2930 videtur
636 2864 729 2946 dmna
757 2867 854 2928 fuisse
880 2887 917 2928 ea
942 2866 1052 2942 laude,
1083 2889 1177 2949 quem
1200 2867 1348 2929 credibile

331 2994 377 3044 est
401 3003 468 3044 non
493 3004 611 3045 amasse
634 2984 719 3044 bona
742 2979 802 3040 lide
824 2979 1003 3057 Tibullum,
1036 2979 1091 3042 sed
1113 2979 1146 3042 id
1168 2983 1263 3062 egisse
1285 2985 1349 3044 cel-

329 3096 394 3160 lida
415 3109 497 3174 erte,
519 3095 621 3157 iudice
645 3093 738 3153 etiam
760 3094 926 3172 Passovio,
948 3106 983 3155 ut
1004 3114 1183 3158 ontinenam
1204 3100 1269 3158 eius
1292 3118 1348 3158 ex-

330 3212 480 3275 hauriret.
529 3212 595 3273 Neu
621 3220 736 3289 presunt
767 3211 851 3286 elegi,
886 3207 975 3289 dicit,
1007 3233 1056 3273 nce
1086 3218 1218 3274 carminis
1245 3225 1348 3273 auctor

330 3327 447 3406 Apello,·
480 3324 530 3383 ilie
556 3343 629 3383 cece
652 3327 773 3403 pretium
798 3324 919 3405 flagitat
946 3348 1033 3407 usque
1057 3347 1153 3390 manu.
1205 3326 1251 3387 Ac
1282 3348 1347 3390 non

330 3436 477 3498 habuisse
508 3454 577 3496 eam
613 3432 766 3498 delectum
800 3452 990 3515 amatorum,
1030 3441 1057 3499 si
1089 3437 1183 3500 modo
1213 3443 1347 3520 pecunia

332 3566 416 3617 certa
438 3563 535 3630 esset,
567 3551 639 3615 setis
663 3551 797 3616 ostendit
824 3574 946 3616 carmen
971 3557 1098 3616 tertium
1118 3556 1192 3618 libri
1213 3557 1349 3633 secundi,

331 3668 387 3731 ubi
410 3665 447 3729 de
469 3680 609 3731 amatore
631 3665 762 3745 dicitur,
796 3690 905 3731 servus
927 3672 983 3751 qui
1004 3672 1105 3737 luerat
1126 3694 1217 3753 saepe
1239 3671 1348 3734 vendi·

329 3793 390 3843 tus.
432 3781 575 3845 Tibullus
596 3796 660 3848 tres
682 3787 711 3847 ei
728 3787 857 3867 scriptas
878 3786 989 3865 elegias
1009 3788 1143 3869 reliquit.
1185 3789 1348 3852 Emeteris

332 4041 360 4089 et
377 4052 435 4090 cum
459 4039 650 4091 sublimioribus
673 4041 791 4094 sensibus
816 4043 870 4094 ants
895 4042 1041 4106 coniungit,
1065 4038 1169 4092 minime
1195 4053 1257 4091 veto
1283 4057 1347 4095 con·

334 4128 405 4178 tiano
421 4126 462 4178 sui
479 4128 507 4177 tt
526 4125 662 4180 dimimilis.
