3009 4725
324 403 375 476 64
596 399 782 472 TlBULLl
813 401 897 474 LIB.
918 403 976 474 Ill.
994 418 1022 475 2.
1040 420 1068 476 3.

362 581 436 655 Illic
462 607 547 682 quas
571 582 674 657 mittit
697 583 790 659 dives
815 586 989 662 Panchaia
1014 615 1143 664 merces

410 710 542 811 Eoique
567 710 719 802 Arabes,
750 715 890 815 pinguis
916 734 949 790 et
969 716 1131 821 Assyria,

322 838 412 911 25Et
436 838 544 912 nostri
571 869 737 915 memores
764 842 922 919 lacrimae
946 845 1136 920 fundantur
1161 847 1299 922 eodem:

414 966 473 1039 Sic
499 994 562 1065 ego
590 971 749 1070 componi
775 1000 893 1047 versus
920 974 957 1047 in
983 1004 1061 1049 ossa
1086 975 1195 1049 velim.

364 1093 434 1168 Sed
460 1094 588 1170 tristem
612 1100 731 1175 mortis
759 1101 967 1177 demonstret
991 1103 1101 1179 littera
1128 1133 1266 1180 causam

413 1226 527 1327 Atque
553 1227 636 1304 haec
662 1231 698 1304 in
725 1231 851 1308 celebri
878 1235 1029 1309 carmina
1058 1236 1170 1311 fronte
1196 1255 1297 1311 notet.

361 1357 575 1461 ‘Lygdamus
589 1358 645 1434 hic
658 1361 743 1436 situs
758 1381 823 1437 est:
843 1362 942 1437 dolor
955 1363 1035 1439 huic
1047 1383 1080 1439 et
1090 1396 1172 1441 cura
1182 1369 1343 1456 Neaerae,

322 1504 359 1558 so
420 1487 585 1586 Coniugis
611 1508 763 1594 ereptae,
796 1520 899 1567 causa
923 1493 1035 1595 perire
1062 1495 1144 1570 suit’

652 1839 913 1908 ELEGIA
962 1844 1019 1907 111.

356 1955 484 2125 Quid
509 2020 651 2119 prodest
674 2021 805 2096 caelum
828 2023 914 2097 rotis
940 2023 1115 2124 implesse,
1144 2024 1289 2110 Neaera,

411 2147 613 2250 Blandaque
639 2179 717 2223 cum
740 2150 846 2223 multa
869 2168 946 2223 tura
973 2151 1109 2224 dedisse
1134 2177 1251 2249 prere,

358 2279 437 2352 Non
464 2295 502 2349 ut
524 2279 703 2350 marmorei
730 2277 905 2377 prodirem
932 2306 950 2348 e
974 2276 1089 2349 limine
1115 2278 1208 2366 tecti,

410 2407 559 2504 Insignis
584 2405 676 2480 clara
702 2407 975 2508 conspicuusque
1002 2407 1123 2497 domo,

338 2537 437 2610 sAue
461 2552 500 2608 nt
521 2533 628 2609 multa
653 2536 720 2610 mei
745 2554 948 2610 renovarent
971 2536 1090 2634 iugera
1114 2536 1203 2609 tauri

410 2664 455 2736 Et
476 2692 619 2762 magnas
644 2693 771 2739 messes
795 2682 885 2738 terra
909 2665 1059 2763 benigna
1086 2664 1199 2751 daret,

360 2794 430 2868 Sed
455 2811 567 2868 tecum
592 2812 629 2867 ut
655 2795 778 2894 longae
804 2795 968 2868 sociarem
996 2795 1122 2894 gaudia
1148 2795 1234 2867 vitae

411 2926 520 3025 Inque
545 2940 604 2997 tuo
629 2923 766 2997 caderet
790 2941 907 2997 nostra
933 2942 1067 2998 senecta
1091 2923 1168 2998 sinu

362 3056 461 3126 Tunc
487 3082 563 3127 cum
591 3081 772 3154 permenso
797 3052 979 3128 defunctus
1005 3072 1157 3155 ternpore
1182 3051 1268 3125 lucis

321 3199 359 3254 to
415 3182 538 3255 Nudus
563 3182 711 3255 Lethaea
739 3209 880 3280 cogerer
905 3183 954 3255 ire
980 3183 1078 3256 rate?

357 3311 446 3385 Nam
468 3338 569 3409 grave
590 3310 674 3411 quid
695 3311 836 3411 prodest
856 3311 994 3411 pondus
1016 3309 1101 3384 mihi
1124 3308 1235 3382 divitis
1256 3307 1342 3394 auri,

411 3446 570 3541 Arvaque
596 3441 625 3514 si
652 3439 787 3514 findant
809 3440 953 3541 pinguia
975 3438 1067 3513 mille
1092 3436 1221 3511 bores?

362 3567 498 3665 Quidve
524 3569 647 3645 domus
673 3571 815 3672 prodest
834 3568 997 3674 Phrygiis
1022 3566 1137 3639 innixa
1162 3559 1342 3654 columnis,

413 3700 568 3771 Taenare
593 3700 662 3773 sive
685 3701 773 3790 tuis,
803 3699 872 3773 sive
896 3701 1035 3800 Caryste
1062 3693 1146 3784 tuis,

392 3908 426 3963 V.
436 3910 481 3960 24.
507 3907 631 3960 Medores
649 3907 752 3974 quidem
777 3906 865 3973 dives,
889 3906 935 3960 sed
957 3904 1007 3959 hoc
1024 3903 1102 3958 modo
1124 3900 1272 3971 praecessit.

392 4007 426 4059 V.
437 4010 464 4059 9.
488 4020 670 4075 permenso
690 4003 796 4072 optimi,
818 4010 899 4057 recte.
935 4005 1024 4071 Vulgo
1039 4015 1213 4072 procreemus
1231 3995 1290 4050 tude
1308 3992 1342 4047 ab

321 4103 400 4157 Anno
419 4106 499 4157 tona.
519 4102 589 4170 quod
609 4101 721 4171 explosit
740 4100 909 4155 nurerum.
