3009 4725
293 383 354 440 too
535 374 816 443 COMMENTAR.
838 382 883 445 ΙΝ
905 385 1078 448 TlBULLl

295 554 365 607 Nub.
383 556 445 612 551,
475 550 568 604 dodran
587 552 688 621 Equltt.
707 558 770 609 861.
789 556 908 608 ἐνδοῦναι
925 558 986 612 ibid.
1004 564 1068 613 867.
1092 564 1211 632 παρέχειν
1229 561 1312 636 λαβήν

293 654 380 705 Puta.
400 649 433 703 de
451 665 506 719 rep.
525 650 597 706 Vlll.
616 668 641 720 p.
660 653 724 719 att,
739 652 772 705 B.
803 653 871 708 Add.
890 658 955 738 Aer:
972 658 1005 711 ed
1023 657 1133 712 Phaede
1151 678 1176 729 p.
1194 667 1256 716 251.
1275 694 1312 708 ..

294 754 425 819 Ὴθιᾳ.
450 750 552 804 Tunc·
577 753 642 805 Poet
659 751 723 805 telle
741 753 919 823 obsequie-
937 758 1052 826 rapiat
1069 761 1197 814 nacula.
1222 761 1310 817 Etiam

293 854 391 906 Gracci
419 852 508 907 dicunt
536 847 659 923 α’ρπάζειν
685 849 837 924 φιλήματα,
865 865 895 909 nt
920 873 996 923 quem
1024 857 1185 912 lluecaxrue
1213 862 1309 928 landet,

291 954 455 1008 Menalcan
474 969 515 1022 ep.
533 952 606 1020 XIV,
624 957 652 1010 e.
671 981 707 992 -
735 962 816 1023 apte
842 954 918 1007 dubi
925 962 951 1018 t,
978 969 1045 1021 quae
1062 971 1109 1008 ore
1126 972 1177 1011 nou
1202 959 1308 1014 nimiam

291 1053 454 1109 detrectante
472 1054 581 1120 dentur,
608 1061 638 1108 ut
656 1054 788 1107 Hermus
807 1055 850 1107 eit.
886 1054 995 1108 Confert
1019 1057 1102 1109 Ovrn.
1121 1058 1231 1115 Heroid.
1247 1062 1307 1126 XV,

290 1160 352 1208 ret.
374 1159 434 1209 ΙΙΙ.
452 1181 489 1195 -
507 1154 539 1207 V.
558 1159 603 1208 55.
627 1155 740 1223 Rapta
761 1153 864 1208 debit
901 1153 1014 1207 Locutio
1033 1157 1125 1210 eadent
1142 1158 1223 1211 Orto.
1244 1160 1307 1214 Her.

289 1258 348 1321 XV,
368 1259 412 1309 tt.
435 1258 542 1308 Amore
559 1254 594 1319 ll,
612 1257 639 1318 4,
661 1258 708 1307 96.
734 1269 813 1306 renen
836 1269 898 1334 vcro
915 1253 1028 1307 diverso.
1064 1255 1121 1309 lllie
1139 1257 1206 1309 euim
1224 1267 1307 1325 rupta

289 1356 354 1407 dare
372 1361 412 1407 eet
430 1369 469 1422 pr.
488 1368 581 1422 repere
600 1352 708 1419 dictum,
725 1352 767 1407 llic
785 1370 825 1423 pr.
843 1355 1012 1408 reluctantem
1030 1355 1102 1409 dere.
1138 1355 1196 1410 Nec
1212 1358 1306 1411 miram
1368 1344 1370 1348 ¹

289 1452 355 1518 ltoc3
372 1453 519 1512 necessario
539 1450 609 1504 allud
627 1448 758 1518 eignilicat
776 1437 877 1520 pltraeie
894 1452 928 1506 de
943 1460 1067 1520 emerere,
1085 1454 1154 1507 allud
1172 1455 1206 1508 de
1219 1463 1306 1511 amato

287 1559 333 1606 ant
350 1557 435 1605 emata
453 1551 530 1604 dicta.
568 1550 692 1605 ceteram
711 1568 763 1606 nou
781 1553 844 1606 eolie
863 1553 1021 1622 reapondent
1037 1552 1103 1606 haec
1119 1553 1199 1606 rerba
1216 1554 1308 1622 proxi-

286 1666 329 1704 me
347 1649 574 1704 antecedentibus:
598 1658 668 1718 apra
693 1646 787 1706 dedit,
813 1655 844 1702 nt
860 1649 1038 1704 Lucautnuo
1062 1667 1122 1704 tneo
1140 1652 1237 1718 vuum,
1261 1653 1306 1720 qni

286 1758 355 1818 upra
373 1747 450 1799 dabit
474 1750 553 1802 etiam
579 1748 620 1803 hic
638 1750 803 1804 commendat
821 1757 849 1802 et
867 1750 1032 1804 emendetnm
1051 1752 1129 1817 velit,
1155 1767 1188 1806 ne
1205 1753 1240 1805 eit
1255 1754 1306 1807 int·

285 1852 402 1920 perfecte
422 1851 559 1918 repetitio,
577 1850 624 1903 aed
643 1852 730 1920 potine
748 1858 805 1905 tote
824 1853 979 1926 pentametri
994 1854 1139 1907 sententie:
1160 1851 1305 1925 pugnabit,

284 1951 334 2003 aed
352 1961 443 2003 tamen
461 1949 537 2001 dabit
554 1950 604 2006 ltoc
622 1953 700 2005 modo
716 1955 853 2021 repetitur.
890 1956 977 2023 Atque
995 1954 1032 2007 ite
1050 1970 1098 2023 per
1113 1961 1167 2020 cet,
1184 1970 1243 2008 cuna
1260 1970 1304 2007 ee·

284 2057 379 2119 quatur
395 2065 470 2103 mox
488 2050 631 2119 offeret,
656 2070 724 2121 quae
742 2070 802 2108 cum
821 2056 941 2123 opposite
957 2055 1010 2107 eint
1027 2054 1127 2107 nerbirz
1151 2064 1234 2124 rapta
1252 2053 1303 2104 da·

284 2148 332 2206 dit,
350 2166 401 2203 non
420 2155 507 2203 cenent
524 2150 645 2218 opposita
663 2148 717 2204 hie:
735 2160 804 2220 apra
822 2148 906 2202 dabit.
940 2152 1081 2204 Postremo
1097 2150 1155 2203 ride
1172 2149 1206 2202 de
1224 2164 1318 2217 repe·

283 2248 418 2302 titionibue
436 2248 622 2310 sententiarum
639 2247 672 2300 ed
691 2248 712 2313 1,
730 2252 758 2313 3,
775 2253 802 2299 5.
838 2250 925 2312 Atque
944 2245 1008 2299 llaec
1026 2245 1157 2298 hacteuus.

354 2352 388 2405 V.
405 2354 512 2405 nt-tu.
548 2351 645 2404 Dixit
663 2349 703 2402 de
720 2348 908 2416 obecquio;
932 2348 1028 2402 dicet
1046 2364 1133 2402 nnnc
1151 2348 1189 2402 de
1207 2348 1298 2403 blen-

283 2450 398 2515 dltile,
432 2448 457 2503 h.
484 2467 508 2504 e.
536 2450 577 2503 de
606 2449 818 2503 carminibus
846 2448 1000 2516 blendia,
1031 2449 1154 2517 quibua
1181 2466 1300 2505 anrent

282 2549 448 2619 praebere
473 2564 598 2619 pucros
623 2547 717 2601 velit.
754 2546 791 2598 ln
809 2548 961 2599 transitu
981 2548 1169 2616 proximum
1186 2549 1301 2603 locum

283 2650 414 2720 poenit,
433 2651 488 2718 qni
507 2650 690 2703 avaritiam
709 2663 894 2718 puerorum
914 2645 1112 2701 hodiernam
1131 2649 1298 2715 exagitet.

280 2752 321 2802 Ac
338 2765 420 2803 nenne
438 2765 525 2803 rerum
543 2749 590 2803 lric‘
602 2745 657 2804 etita
685 2750 761 2803 Haec
778 2749 895 2818 quidem,
913 2749 966 2814 ait,
983 2748 1067 2818 probe
1084 2754 1112 2801 et
1130 2749 1199 2802 iuete
1215 2750 1240 2803 iu
1259 2748 1298 2802 hie

281 2859 322 2905 eet
345 2852 425 2917 ratio,
452 2856 482 2903 ut
507 2850 632 2917 ebrequio
658 2866 724 2919 puer
751 2850 868 2903 viumtur
896 2856 924 2901 et
952 2848 1067 2902 honestis
1091 2849 1190 2902 ertlbna
1214 2847 1298 2902 cedat.

280 2951 335 3006 Sed
351 2966 418 3004 nuuc
437 2964 517 3019 pravo
533 2963 607 3001 more
621 2949 718 3000 enecuit
736 2947 843 3000 avaritie
858 2946 1020 3012 dominatum
1038 2948 1093 3000 vult
1110 2961 1216 3000 munere
1234 2961 1299 3014 puer

280 3056 308 3103 et
328 3056 427 3103 ametor
445 3047 608 3114 largitionem
627 3050 730 3098 tractet.
766 3043 816 3097 aut
834 3059 922 3098 turem
948 3046 1026 3099 linem
1045 3046 1240 3099 Dissertationie
1264 3043 1298 3096 de

279 3148 434 3202 Elocntlone
452 3144 558 3198 Tibulli.

350 3249 384 3303 V.
401 3252 447 3302 nt.
474 3244 614 3298 miserae
638 3246 747 3307 ertee,
773 3240 797 3296 lt.
816 3257 839 3296 c.
859 3243 955 3310 malae,
981 3249 1011 3296 ut
1029 3242 1152 3310 largitio,
1180 3242 1296 3294 araride

279 3345 389 3401 Conlert
412 3347 655 3400 Wuennnarcnme
683 3359 789 3394 carnem
814 3341 938 3395 micarum
963 3344 1056 3411 virgil
1074 3342 1168 3410 Eulog.
1185 3341 1233 3407 ΙΙΙ,
1252 3347 1295 3395 ³7.

278 3454 306 3502 et
323 3453 426 3501 constet
442 3447 520 3499 mirer
536 3447 564 3499 ln
582 3444 698 3499 convicio
716 3459 756 3513 pr.
781 3444 890 3512 perdito,
909 3445 1022 3497 eoeleste
1041 3443 1102 3508 dici,
1119 3448 1149 3495 ut
1167 3442 1295 3496 Taaaan.

277 3546 396 3600 Eunueh.
414 3547 461 3612 ΙΙΙ,
479 3553 504 3613 1,
522 3552 568 3601 28.
595 3549 629 3613 V,
647 3551 673 3613 8,
696 3550 739 3600 ll.
784 3546 837 3600 Hic
863 3554 949 3600 tamen
975 3546 1087 3599 fortaeee
1114 3548 1198 3600 minue
1219 3551 1295 3614 aptue

277 3645 387 3699 convicii
410 3659 505 3698 urano.
541 3646 631 3702 Quare
657 3661 709 3713 ego
734 3644 839 3698 reddam
858 3646 960 3715 potine:
990 3629 1172 3714 deploralo'llee.
1209 3646 1295 3698 Maior

276 3749 316 3803 eie
333 3746 446 3815 dignita
463 3745 595 3799 oraticula.
631 3745 724 3798 Malas
742 3754 813 3800 artee
831 3748 895 3801 dicit
915 3749 1091 3800 statuentes
1109 3744 1188 3798 Catil.
1201 3744 1248 3810 ΙΙΙ,
1266 3747 1296 3797 8.

276 3851 379 3919 allique.
398 3876 431 3889 -
457 3852 623 3914 tractant,
641 3857 774 3902 exercent.
793 3876 826 3888 -
846 3849 949 3914 male,
967 3863 1054 3917 preve.
1091 3846 1230 3900 Cumulate
1247 3844 1295 3898 ed-

276 3948 366 4015 ditnm,
382 3949 447 4003 licet
463 3946 573 3999 misem
591 3945 667 3999 adult.
702 3945 772 4001 Tum
790 3947 884 4000 narbet
903 3946 1136 4002 nune-heee
1153 3945 1295 3998 eeeenle

274 4048 312 4099 tte
334 4048 466 4116 intellige:
493 4062 552 4100 cum
577 4055 652 4099 antee
678 4049 786 4102 meliore
811 4057 899 4103 cenent
922 4048 997 4104 baec.
1010 4048 1130 4113 eaeenle,
1155 4045 1294 4100 recentiori

275 4150 392 4212 tempore
410 4160 490 4212 prave
507 4145 576 4198 lecta
593 4151 661 4198 eunt.
679 4173 715 4184 -
736 4147 766 4199 V.
784 4150 821 4200 69
838 4164 877 4216 eq.
898 4154 938 4203 At
957 4150 1029 4202 tiltl.
1067 4148 1200 4217 Uanrpent
1218 4154 1249 4195 at
1267 4145 1293 4196 lu
