3009 4725
329 367 391 426 ³22
564 358 846 428 conrnlnNTnn.
868 367 912 429 lN
934 370 1107 435 TIBULLl

331 549 422 585 lutus
438 533 468 586 li.
485 534 584 602 xxlll,
601 542 669 591 695:
689 533 705 608 ἢ
723 548 799 606 noire,
818 542 964 615 Acorpepic,
984 540 1072 614 ἤματα
1092 540 1177 597 πάντα
1197 543 1238 599 Ἐκ
1259 556 1346 611 deuios

328 637 432 695 nouisse,
452 638 495 684 sui
513 636 634 694 δαίμοσιν
652 631 717 688 εἶναι
735 635 850 710 ἀλιτρός.
889 643 961 696 invni
979 649 1056 698 etiem
1071 647 1237 700 Suruocnssrr
1252 653 1345 705 ufl'erre

328 737 397 788 nnc.
421 740 489 787 523:
514 727 576 786 'icoo
596 733 621 787 δ”
638 735 747 810 sinopici
761 743 870 809 μνῆστις
890 731 919 794 eri
936 741 1112 805 πεπονθότος,
1132 742 1185 797 Oris
1204 741 1236 796 dr
1252 750 1345 810 γίνοιτ’

325 832 369 887 iu’
385 821 461 894 uiroc
478 833 580 906 εὐγενής
599 835 672 910 ἀνήρ.
709 842 784 895 Hsee
802 842 933 897 haetenus.
969 844 1020 895 Est
1037 846 1104 896 enim
1127 846 1288 898 nuncetiam
1308 851 1340 900 de

325 937 409 990 modis
431 937 580 990 notandum.
617 942 656 992 Ae
674 942 783 1007 primum
808 943 836 992 si
863 956 901 1008 pr.
925 958 989 990 num
1007 956 1065 992 oum
1083 941 1221 994 indicativo
1240 947 1338 1012 saepis-

324 1038 389 1089 sime
408 1037 538 1105 positum,
563 1036 622 1088 ride
639 1039 801 1088 Sensimus
820 1037 852 1088 ed
873 1037 965 1089 Horat.
984 1038 1070 1108 Epist.
1086 1039 1107 1106 1,
1126 1046 1214 1107 ’1,39,
1232 1061 1258 1111 p.
1279 1047 1337 1097 let.

324 1137 399 1190 ende
416 1154 475 1190 curn
493 1138 652 1199 lluseurro,
679 1143 812 1203 proestare
832 1135 873 1188 hic
891 1137 1059 1190 indicativum
1078 1140 1257 1205 coniunctiro,
1281 1157 1339 1196 cnm

321 1239 355 1290 de
381 1253 413 1289 eo
437 1244 529 1304 egetur
553 1236 578 1286 in
604 1235 687 1301 primo
714 1236 848 1302 membro,
873 1236 944 1303 quod
969 1239 1046 1291 unice
1065 1255 1154 1292 verum
1173 1242 1263 1308 cupiet
1281 1258 1339 1294 esre

321 1347 406 1408 poete.
443 1338 540 1388 Contra
558 1334 584 1386 in
603 1337 772 1402 sequentibus
791 1338 972 1390 coniunctium
998 1340 1101 1393 melior.
1137 1342 1178 1394 De
1197 1343 1337 1395 uariatione

321 1439 454 1493 modorum
480 1436 505 1487 in
532 1435 623 1488 eedem
651 1436 761 1503 periodo
787 1437 856 1488 idem
876 1436 1037 1489 Huscnrrrur
1055 1438 1221 1507 Propertium
1240 1442 1338 1495 confert

318 1542 367 1605 lll,
385 1543 414 1605 5,
432 1541 467 1590 26
486 1552 545 1602 sqq.
583 1535 658 1587 Adde
684 1538 884 1591 Lnenrrrrrnurr
915 1536 947 1588 ed
975 1538 1098 1605 Propert.
1118 1538 1139 1603 l,
1160 1543 1187 1604 2,
1205 1545 1232 1594 9.
1251 1559 1276 1609 p.
1295 1546 1336 1593 ill.

321 1640 389 1693 Nem
407 1654 423 1690 s
443 1636 550 1689 Tibullo
575 1635 659 1686 eliens
682 1651 741 1701 ree,
770 1643 799 1687 ut
826 1635 914 1688 monui
932 1637 959 1687 in
982 1635 1169 1690 Dissertatioue
1189 1637 1222 1691 de
1239 1638 1337 1691 Elocu-

319 1741 390 1791 tione
410 1737 516 1789 Tibulli·
554 1734 605 1786 llis
629 1734 743 1801 persctis
768 1740 858 1786 cetere
883 1733 998 1786 notendo
1024 1751 1092 1802 quse
1115 1744 1222 1791 restent.
1257 1738 1337 1791 Vides

318 1844 406 1890 eutem
427 1843 480 1888 tres
498 1833 595 1901 gradus
619 1834 645 1884 in
671 1847 760 1884 emere
786 1847 886 1899 ponere
911 1832 1091 1899 Lygdamum,
1116 1836 1185 1902 quod
1203 1836 1335 1889 Hermus

319 1943 392 1990 reete
410 1936 532 1988 observet
551 1933 678 1986 ludicrum
696 1948 763 1985 esse.
800 1933 897 1986 Dicere
916 1933 1029 1987 debebat
1047 1937 1213 2004 simpliciter=
1240 1936 1265 1987 ei
1286 1956 1335 1989 no-

316 2036 369 2088 stri
386 2043 483 2085 mrrtue
501 2049 583 2092 cura,
601 2049 638 2082 on
657 2029 797 2081 deciderim
806 2040 922 2100 pectore.
957 2033 1012 2087 lste
1032 2049 1094 2086 tero
1113 2035 1248 2101 diligentia
1265 2036 1332 2087 dici-

317 2133 397 2187 sionir
416 2133 440 2183 in
461 2132 505 2182 teli
526 2145 555 2182 re
580 2145 631 2181 non
660 2131 767 2195 elegere
794 2137 850 2194 est,
877 2130 925 2182 sed
949 2131 1050 2198 putido.
1086 2134 1222 2187 Postremo
1247 2135 1330 2186 Ercu-

316 2247 433 2286 srsorus
451 2237 536 2283 totum
554 2226 683 2280 distichon
703 2227 790 2277 alieno
809 2228 867 2278 loco
892 2229 1003 2294 positum
1023 2232 1172 2296 contendit,
1197 2249 1253 2284 nem
1272 2239 1333 2285 ente

315 2332 435 2388 mandute
455 2329 487 2383 ed
513 2328 639 2382 Neaeram
659 2326 812 2402 pertereudr
841 2327 873 2379 de
900 2343 1024 2396 responso
1052 2333 1155 2400 puellus
1180 2333 1238 2385 dici.
1275 2333 1330 2386 Sed

316 2440 342 2489 in
360 2434 411 2487 lroc
428 2428 540 2482 delendo
554 2427 729 2494 Lygdamum,
746 2428 769 2477 si
789 2427 892 2494 quidem
913 2428 983 2494 qnod
1003 2428 1044 2482 lic
1064 2434 1209 2498 postuletur
1224 2448 1332 2500 respon-

314 2549 388 2599 sum,
416 2528 543 2586 eiusmodi
569 2535 626 2594 est,
652 2535 682 2581 nt
707 2528 786 2581 etism
808 2545 902 2598 perse
922 2538 949 2582 et
967 2537 1029 2584 ente
1054 2533 1173 2585 mundate
1198 2534 1332 2600 sequeutia

314 2635 420 2702 cognitu
439 2632 548 2698 intelligi
567 2630 657 2699 possit.
694 2630 808 2682 Omnino
827 2647 879 2682 non
897 2646 964 2699 opus
983 2640 1024 2684 est
1043 2633 1067 2683 in
1088 2633 1176 2701 poesi,
1196 2640 1226 2684 nt
1246 2634 1331 2684 omnin

313 2737 455 2791 secundum
479 2733 604 2801 temporis
628 2731 745 2784 ordinem
771 2733 949 2798 collocentur,
980 2733 1026 2786 red
1051 2749 1131 2802 seepe
1148 2735 1171 2786 is
1187 2735 1332 2799 invertitur,

312 2836 357 2888 nbi
375 2835 470 2887 idonee
487 2846 573 2883 cause.
610 2828 647 2881 Et
671 2827 713 2881 irie
736 2830 841 2895 quidem
864 2833 928 2882 setis
953 2839 1072 2901 epertunr
1093 2841 1148 2898 est,
1175 2850 1242 2900 quse
1261 2851 1332 2889 nune

311 2937 435 3002 leguntur
453 2932 479 2983 in
495 2931 563 2993 nne,
581 2928 708 2996 aptiorem
728 2929 827 2980 exitum
846 2929 979 2995 imponere
1000 2933 1124 2997 carmini,
1142 2931 1211 2998 quod
1230 2949 1330 3001 propo·

310 3037 362 3090 sito
388 3030 498 3087 disticho
521 3028 606 3083 eleudi
632 3029 735 3097 poetice
761 3044 813 3080 non
839 3035 950 3098 poteret.
969 3058 1005 3071 —
1035 3032 1068 3086 V.
1085 3036 1120 3085 21
1140 3050 1198 3100 sqq.
1223 3034 1330 3100 longe

311 3135 437 3189 donete
465 3134 598 3193 salute,
630 3127 655 3180 l.
680 3145 703 3182 e.
729 3130 833 3183 reluere
859 3132 949 3184 iubete
974 3133 1095 3201 longum,
1128 3136 1166 3188 uti
1187 3135 1332 3206 'perspexit

310 3237 453 3288 Scrnroer
472 3232 578 3287 trudens
597 3232 680 3284 Vme.
699 3230 793 3297 Eclog.
809 3232 856 3296 lll,
869 3237 920 3285 ¹19:
939 3235 977 3284 Et
996 3233 1106 3306 longum
1119 3233 1241 3305 sorrrrose
1259 3234 1331 3292 cole.

309 3331 385 3387 vole,
412 3332 499 3400 inquit
525 3331 594 3383 Iota.
638 3327 705 3381 Nam
731 3328 764 3379 de
790 3332 948 3383 salutatione
975 3332 1025 3385 dici
1050 3336 1139 3401 liquet.
1182 3338 1332 3388 Assentitur

308 3447 367 3485 curn
385 3432 443 3483 eliis
460 3433 622 3485 lluscnxrus
641 3448 792 3500 comparens
810 3434 897 3487 Srnr.
915 3435 979 3489 silv.
997 3432 1044 3502 Ν,
1065 3442 1115 3490 lo:
1145 3438 1196 3489 Cui
1209 3438 1328 3508 primum

307 3529 387 3583 solito
406 3527 481 3598 vulgi
504 3529 535 3577 de
559 3548 628 3580 more
647 3530 780 3587 salutem,
807 3534 874 3583 Mox
900 3531 1009 3587 incluso
1033 3535 1117 3591 modis
1134 3536 1201 3588 hoec
1218 3536 1329 3588 reddere

306 3627 387 3683 rerba
405 3633 540 3679 nunoeuto.
558 3653 594 3665 —
621 3628 705 3682 Porro
731 3633 890 3683 meritum
915 3631 940 3686 l.
960 3651 984 3688 e.
1010 3634 1187 3703 dignissimum
1212 3638 1258 3690 teli
1282 3653 1327 3688 se-

306 3732 369 3785 lute.
407 3727 501 3782 luinrie
527 3725 661 3796 displicuit
686 3745 737 3782 rox
762 3730 893 3793 tierneo,
920 3736 949 3784 et
971 3734 1039 3787 mele
1062 3734 1223 3793 Husmros
1248 3753 1329 3804 nym-

304 3830 387 3899 pham
406 3829 530 3900 reposuit,
548 3829 619 3895 quod
637 3844 688 3883 non
707 3831 804 3882 dicitur
823 3830 903 3883 nnus
919 3829 953 3881 de
972 3840 1062 3901 rupte,
1080 3836 1112 3889 ut
1126 3832 1201 3901 viii..
1229 3836 1328 3891 Verum

305 3932 387 3983 tenuit
404 3933 484 3984 etiarn
503 3932 627 3984 Voesrur.
641 3959 677 3970 -
696 3932 870 3985 submisso
887 3936 988 3997 son'o,
1006 3931 1032 3985 ir.
1051 3948 1076 3986 e.
1093 3935 1163 3999 leni,
1181 3950 1232 3987 non
1250 3934 1329 3985 nimir

303 4028 373 4079 clere
392 4043 472 4093 voce,
499 4028 545 4082 sed
565 4028 728 4096 rereeuudr3
757 4038 818 4082 unm
844 4028 963 4085 modeste
981 4036 1009 4083 et
1026 4032 1156 4086 somerse
1173 4043 1233 4085 oret
1250 4033 1328 4101 puel-

303 4127 352 4179 lero
367 4132 394 4178 et
411 4128 512 4195 expetit
526 4128 683 4194 coniugium.
721 4129 822 4183 Vellem
841 4128 972 4183 omisisset
992 4129 1041 4184 lroe
1059 4132 1273 4187 additamentum
1290 4156 1329 4170 ·—
