3009 4725
517 288 628 355 LIBR.
649 290 689 354 11.
731 292 854 356 ELEG.
875 295 931 358 111.
1168 311 1230 365 230

208 476 293 541 blo.
321 478 347 522 et
366 465 478 530 XXXV,
498 470 523 518 8.
546 472 573 517 et
591 464 788 518 Hsrrrnonrrns
806 466 839 518 ad
859 466 950 522 Horat.
971 469 989 522 Ι.
1010 470 1053 522 clt.
1081 472 1148 524 male
1167 488 1231 525 eou-

208 571 317 624 tenduut
342 566 405 617 dum
431 582 472 635 pr.
494 565 593 617 interim
621 564 681 617 dum
705 581 808 632 semper
834 574 862 619 et
886 568 982 634 ubique
1007 586 1066 623 cnm
1091 572 1231 628 indicativo

207 670 351 741 praesentis
370 667 458 733 iungi,
478 667 544 718 bene
562 666 688 733 exemplis
707 664 757 718 boc
775 665 896 718 refutavit
916 667 1076 721 Huscunrus
1093 669 1126 722 ad
1145 687 1169 723 r.
1187 677 1230 725 19.

205 769 279 821 inira.
317 766 391 818 Adde
411 765 609 816 Hnrnnrcnmrr
629 764 646 814 l.
664 763 707 813 cit.
726 788 762 799 -

277 869 310 921 V.
331 870 436 919 tl-se.
469 863 779 916 Mediumcarmen.
814 864 1030 933 Parsprima.
1062 868 1230 939 Dedpol·

207 967 277 1019 line
296 965 476 1017 serviente
494 963 583 1031 apud
603 962 786 1014 Admetum.

279 1064 486 1131 Descriptionum
505 1062 575 1112 nulla
592 1059 661 1127 apud
680 1058 829 1124 Tibullum,
847 1065 976 1128 quotquot
995 1071 1069 1130 sunt,
1094 1068 1150 1120 sine
1167 1069 1228 1135 lege

131 1153 135 1161 ’
207 1163 350 1230 composita
376 1168 431 1225 est3
458 1159 571 1213 diximus
595 1158 629 1210 de
653 1156 693 1209 bis
719 1158 822 1224 legibus
845 1161 870 1209 iu
891 1160 1078 1217 Dissertatioue
1097 1167 1130 1220 de
1150 1170 1229 1223 Poesi

208 1262 307 1316 Tibulli
332 1279 389 1330 cap.
408 1261 443 1313 11.
481 1262 625 1315 Quaeritur
649 1260 729 1325 igitur
753 1260 830 1310 etiam
850 1257 905 1324 bic,
929 1276 980 1327 qna
999 1263 1123 1318 divisione
1143 1259 1229 1321 rerum

207 1381 270 1418 usus
287 1366 323 1418 sit
339 1370 432 1432 poeta,
460 1379 508 1416 nec
527 1363 582 1415 siue
607 1376 686 1413 causa
711 1373 778 1411 nunc
797 1357 861 1411 banc
884 1364 1062 1425 quaestionem
1088 1380 1229 1423 movemus.

165 1455 175 1474 '
207 1464 297 1516 Habet
322 1463 461 1531 descriptio
487 1476 600 1528 sequeus
624 1460 758 1512 introitum
783 1475 807 1511 v.
827 1462 932 1515 11-14.
958 1469 1095 1530 autequam
1117 1467 1150 1519 ad
1174 1470 1230 1524 sin-

209 1560 437 1629 gunderardae,
456 1566 482 1612 ot
500 1558 672 1628 epiphonema
692 1574 715 1609 v.
734 1561 842 1612 29-32.
878 1560 1012 1616 Quaenam
1031 1568 1138 1618 veroin
1156 1576 1230 1623 cete.

209 1663 246 1714 ris
263 1663 307 1713 lex
331 1660 545 1728 compositionis?
581 1660 676 1726 Neque
696 1660 766 1712 enim
783 1659 847 1711 satis
870 1665 909 1711 est
934 1663 1017 1713 varias
1042 1678 1084 1716 res
1109 1682 1230 1733 narrare3

18 1771 19 1824 i
114 1825 121 1844 .
209 1764 304 1816 debent
322 1764 382 1828 eligi
400 1777 466 1829 quae
484 1767 566 1815 totum
584 1762 699 1814 suaviter
719 1761 841 1813 efficiant.
885 1762 993 1815 Videbis
1011 1771 1098 1818 aritem
1118 1771 1229 1835 primum

210 1865 261 1918 dlci
280 1864 313 1918 de
331 1864 445 1931 negotiis
461 1864 564 1916 rusticis
582 1863 634 1930 dei,
651 1863 746 1916 deinde
766 1863 853 1915 afferri
872 1860 986 1915 habitum
1003 1868 1120 1933 corporis
1138 1869 1229 1935 negle-

207 1969 294 2029 ctum,
319 1964 464 2016 inornatum
480 1971 558 2031 caput
576 1966 712 2050 crinesque
730 1966 844 2028 solutos,
868 1963 980 2030 denique
998 1963 1181 2021 habitationem
1200 1972 1227 2022 iu

207 2081 286 2132 parra
304 2081 364 2118 casa
384 2067 588 2118 commemorari.
632 2068 701 2118 Sunt
725 2067 806 2132 igitur
832 2064 970 2118 manifesto
988 2067 1035 2117 tria
1055 2074 1185 2119 momenta
1203 2069 1228 2120 vi

208 2165 288 2232 paria,
306 2165 400 2231 quibus
418 2164 555 2233 descripsit
573 2165 735 2232 parturitium
754 2163 929 2215 conditionem
945 2165 1079 2231 Apollinis,
1098 2180 1128 2215 ac
1148 2167 1230 2232 liquet

209 2278 267 2315 eum
292 2264 427 2316 commode
446 2266 485 2316 sic
508 2262 674 2330 complexum
693 2276 751 2315 asse
770 2267 862 2315 totunr.
898 2261 1017 2328 Reliquit
1037 2262 1100 2314 deus
1124 2279 1230 2316 munera

208 2360 306 2425 divina,
325 2361 445 2430 deposuit
461 2364 560 2414 iormae
579 2360 716 2426 decorem,
740 2361 831 2414 incolit
849 2359 971 2415 immilem
989 2378 1091 2427 cesant,
1116 2362 1142 2414 in
1162 2369 1231 2414 tem-

209 2459 258 2524 plis
278 2459 420 2511 illustribus
437 2461 482 2526 qui
501 2459 617 2512 babitare
642 2466 746 2528 posset:
773 2461 832 2526 quis
857 2467 937 2526 neget
962 2461 1026 2513 baec
1051 2477 1108 2514 esse
1128 2463 1230 2530 potiora

208 2554 363 2621 discrimina,
381 2573 448 2623 quae
466 2557 654 2624 distinguerent
673 2559 835 2627 pastoritiam
853 2558 932 2609 vitam
951 2574 966 2609 s
986 2559 1093 2610 divinat
1128 2561 1229 2614 Hacte-

207 2672 255 2709 nus
274 2657 354 2724 igitur
378 2658 444 2711 bene
468 2659 580 2723 sactum3
605 2659 651 2712 sed
678 2675 729 2711 uon
748 2658 833 2710 dicam
853 2655 904 2708 lroc
922 2657 955 2708 de
974 2657 1082 2719 singulis
1101 2660 1228 2710 omuibus.

206 2756 281 2810 Initio
300 2758 480 2828 descriptionis
499 2761 589 2813 lacuna
608 2767 663 2825 est,
692 2776 743 2812 uon
767 2776 831 2812 sane
854 2764 948 2827 poetae
971 2758 1065 2825 culpa3
1093 2763 1148 2808 turn
1166 2774 1229 2810 nero

209 2864 352 2921 sequuntur
379 2865 504 2924 quattuor
529 2858 639 2911 disticha
667 2875 692 2909 v.
717 2861 821 2910 lt-24.
848 2857 891 2908 ubi
918 2857 957 2909 bis
982 2854 1138 2923 annplroram
1164 2855 1230 2909 miro

208 2957 285 3009 modo
304 2962 446 3027 usurpavit.
484 2961 550 3013 Cum
570 2962 637 3013 enim
657 2959 788 3029 auapbora
807 2967 953 3012 accuratam
972 2958 1122 3009 diuisionem
1142 2971 1227 3008 rerum

210 3056 336 3122 postulet,
365 3075 475 3125 quonam
492 3060 549 3111 iura
567 3060 675 3109 vitulum
694 3065 825 3125 gestatum
845 3065 872 3110 et
890 3058 1004 3110 carmina
1023 3060 1099 3123 rupta
1117 3054 1228 3119 mugitu,

208 3174 259 3225 quo
277 3161 333 3213 iure
351 3163 455 3215 oracula
474 3168 501 3213 et
519 3162 628 3230 capillos
646 3160 812 3229 composuit?
849 3161 961 3213 Volebat
986 3158 1127 3226 pastoritiis
1145 3172 1229 3223 nego·

206 3261 249 3314 tiis
274 3266 421 3337 memoratis
446 3270 536 3317 contra
563 3279 669 3316 munera
695 3262 780 3313 diviua
806 3260 892 3311 dicere
917 3259 1012 3310 omissa
1040 3265 1086 3310 aut
1111 3259 1230 3310 turbata:

204 3372 327 3433 rumpunt
350 3372 452 3417 cantum
477 3362 573 3431 boves,
602 3364 707 3417 oracula
733 3363 810 3428 plane
835 3365 938 3411 tacent:
967 3357 1014 3409 sed
1033 3373 1092 3410 cum
1117 3355 1162 3409 bas
1187 3372 1230 3409 res

203 3464 361 3532 coniungere
380 3465 488 3517 deberet
508 3480 558 3516 una
576 3463 714 3532 anapborn,
732 3461 799 3511 male
818 3475 863 3511 eas
881 3456 987 3510 divulsit
1001 3465 1029 3510 et
1046 3464 1128 3511 totum
1146 3458 1230 3509 locum

204 3573 339 3623 perperam
362 3561 457 3613 divisit.
501 3560 567 3613 Dico
586 3561 666 3627 igitur
685 3558 800 3609 ultimam
819 3570 923 3606 manum
942 3552 981 3605 bis
1000 3556 1078 3608 rebus
1095 3570 1147 3608 uon
1171 3568 1230 3605 esse

206 3635 344 3707 admotum.

277 3752 310 3803 V.
330 3758 361 3803 ll
374 3770 413 3819 sq.
432 3755 577 3809 Admeti.
608 3756 695 3808 Locos
709 3754 742 3806 de
761 3754 868 3807 servitio
886 3750 936 3803 boc
950 3750 1077 3816 Apollinis
1096 3749 1229 3799 notissimo

206 3847 329 3900 indicarit
353 3850 578 3907 Bnoucnnusrus.
622 3855 759 3922 Principes
786 3862 848 3911 sunt
876 3851 993 3906 Hsstbw
1023 3852 1129 3898 nolonte
1156 3845 1230 3898 110¹·

204 3949 235 4001 ll.
259 3950 293 4014 ll,
319 3955 372 4003 ‘163
391 3969 448 4018 sqq.
485 3955 658 4009 cremares.
684 3959 771 4025 Apoll.
798 3982 825 4021 v,
843 3967 877 4018 qt
904 3971 961 4021 sqq.
997 3950 1079 4001 OHD·
1105 3948 1171 4000 Met
1197 3949 1232 4013 ΙΙ,

203 4054 258 4103 680
276 4067 333 4119 sqq.
371 4055 515 4105 boosson.
534 4053 555 4119 l,
574 4060 600 4122 9,
619 4061 661 4110 15.
699 4057 839 4141 Tibullum
857 4072 918 4127 quta
936 4051 1025 4109 oculos
1043 4045 1132 4099 babuit
1151 4049 1233 4100 Ovru.
