3009 4725
586 393 772 460 TlBULLl·
1101 422 1188 463 nunt

158 577 322 638 monus.
362 570 468 648 Pergo
484 563 608 647 longius
630 577 662 630 et
677 563 800 632 tentiam
816 567 950 633 formum
965 569 1081 636 indico.
1122 572 1189 637 Ha·

124 699 128 704 ’
158 690 299 768 bottul,
321 691 354 767 ³,
378 685 497 749 tto-ts.
517 703 629 746 aureae
652 682 965 768 aetam-descriptio,
998 709 1063 772 qna
1084 703 1188 754 osten·

160 805 246 870 ditur
273 797 421 866 nondum
451 809 526 862 tunc
552 793 692 862 habendi
718 796 887 878 cupiditate
911 800 993 863 bella
1016 803 1188 887 longinqua
1297 838 1301 846 s

163 932 246 986 orta.
284 919 330 982 Ac
349 928 423 1000 post
443 914 611 978 introitum
630 914 694 976 loci
715 911 755 977 de
775 926 861 977 terra
881 927 950 978 tum
970 914 1113 980 nondum
1132 940 1189 999 pa·

168 1035 283 1098 tofacta
303 1033 338 1094 in
357 1032 464 1111 longus
485 1030 570 1106 tiss,
592 1027 730 1110 primum
752 1029 888 1093 ostendit
908 1030 995 1094 duob
1015 1031 1189 1096 usdistiohis

170 1145 356 1212 nominatim
376 1143 530 1206 matitima
560 1141 676 1206 itinera
697 1141 842 1207 nondum
863 1144 960 1208 finisse
983 1159 1191 1210 mercatorum

167 1283 211 1328 ex
229 1261 344 1344 ignotis
364 1261 456 1324 terris
478 1279 600 1322 merces
621 1258 840 1339 repetentium.
882 1259 1008 1326 Deinde
1024 1261 1093 1324 aliis
1110 1259 1190 1326 duo·

165 1381 226 1444 bus
249 1375 388 1441 distichis
411 1374 601 1440 domesticus
624 1375 792 1438 exhibetur
812 1376 895 1439 vitae
917 1388 1030 1452 status,
1056 1375 1113 1459 qui
1132 1397 1190 1439 nec

164 1493 359 1562 domitorum
390 1493 572 1560 animalium
601 1511 696 1554 usum
724 1506 856 1556 noverat
885 1514 941 1558 nac
962 1492 1101 1557 dominia
1125 1494 1191 1576 pci-
1304 1567 1311 1580 Ι

108 1583 114 1591 .
164 1608 425 1676 candomorum
447 1621 658 1689 stagnorum
700 1605 736 1668 In
761 1625 824 1690 quo
842 1605 931 1672 vides
952 1610 1190 1674 concinnitatem

167 1722 342 1789 diabionis.
382 1723 450 1784 lam
469 1722 520 1785 his
540 1718 692 1802 negativis
716 1721 877 1784 sententiis
897 1724 1069 1788 coniunctis
1091 1746 1190 1808 oppo-

170 1839 262 1901 nitur
286 1857 355 1899 una
378 1837 512 1917 positivo
537 1838 692 1902 sententia
719 1838 814 1901 haec:
847 1837 910 1902 Sed
937 1842 1084 1906 alimenta
1106 1841 1190 1904 ultro

169 1952 393 2033 obtingcbant,
414 1960 450 2011 ut
464 1950 524 2012 illis
540 1951 683 2013 omnibus
703 1969 784 2032 opus
800 1971 866 2013 non
884 1965 973 2016 esset.
1014 1953 1101 2014 Haec
1120 1972 1191 2014 sen·

167 2068 268 2131 tentia
286 2085 386 2127 unum
408 2075 528 2132 tantum
542 2061 698 2128 distichon
715 2064 833 2147 implet,
853 2086 925 2128 cum
942 2066 990 2128 vis
1011 2063 1194 2147 descriptio·

168 2184 217 2247 nis
233 2181 372 2245 maxime
392 2182 425 2245 io
445 2201 483 2244 eo
503 2194 654 2260 versemur,
674 2195 711 2246 ut
726 2183 865 2246 absentia
884 2181 1030 2247 laudetur
1046 2184 1192 2247 luxun'ac

171 2308 202 2358 et
221 2295 386 2375 avaritiae,
421 2296 537 2379 quibus
567 2297 670 2359 serior
699 2310 782 2361 notas
810 2299 974 2381 premitur.
1023 2301 1127 2385 Atque
1148 2302 1191 2365 ita

171 2412 293 2486 iactum,
312 2411 356 2473 ait
378 2408 514 2495 denlflus
535 2409 569 2471 in
592 2413 690 2483 exitu,
712 2423 749 2475 ut
770 2413 852 2476 bella
872 2433 939 2475 non
963 2426 1066 2477 essent
1087 2435 1192 2498 neque

172 2523 212 2591 sd
231 2527 420 2609 longinquas
442 2536 544 2587 terras
560 2523 748 2605 subigendos
768 2527 908 2589 habendi
929 2525 1096 2608 cupiditate
1116 2548 1192 2609 pro·

168 2641 381 2707 ficisoerentur
413 2641 567 2704 homines.
618 2640 718 2704 Vides
748 2662 833 2705 nunc
865 2645 1122 2724 compositionem
1152 2649 1192 2708 ab

171 2756 261 2820 omni
280 2767 371 2836 parte
391 2756 576 2817 absolutam.
617 2754 767 2838 Denique
788 2765 886 2816 restat
906 2776 985 2837 quae
1007 2770 1114 2819 catena
1136 2777 1194 2839 op·

168 2870 364 2952 positionum
385 2867 445 2933 dici
462 2882 576 2953 potest,
597 2870 655 2934 ubi
672 2892 731 2953 per
751 2869 1019 2934 continuationem
1037 2869 1194 2951 quandam

168 2985 275 3065 ptimo
290 2980 425 3048 disticho
440 2981 624 3063 secundum,
637 2982 811 3049 secundum
822 2984 926 3060 tertio,
942 2983 1067 3045 tertium
1082 2994 1194 3066 quarto

172 3099 354 3180 opponitur.
396 3098 446 3159 Ita
467 3098 587 3160 lactum
607 3096 733 3162 credam
752 3100 955 3178 1,7,15-22.
978 3097 1017 3162 de
1039 3119 1102 3183 quo
1123 3095 1195 3161 vido

172 3213 450 3278 Commentutum.
492 3216 596 3278 Habet
619 3214 746 3298 quidem
767 3237 827 3299 per
851 3237 884 3279 se
905 3217 982 3281 haec
1003 3218 1105 3279 forms
1125 3219 1195 3280 nul·

171 3329 239 3389 lum
260 3328 374 3409 finem,
396 3328 453 3392 sed
476 3350 549 3393 eum
570 3334 746 3412 argumenti
766 3332 845 3396 ratio
868 3333 969 3395 affert.
1010 3334 1113 3416 Atque
1135 3333 1194 3397 itae

171 3454 247 3503 sunt
278 3441 484 3509 distichorum
507 3446 741 3527 oppositionem
777 3444 860 3510 dicas
881 3466 959 3511 vero
981 3444 1195 3509 Tibullianum

171 3570 273 3622 totum
292 3561 355 3624 hoc
374 3582 490 3642 genus,
512 3574 547 3625 ut
568 3562 696 3625 Tibullo
715 3562 782 3624 fere
803 3563 978 3642 proprium.
998 3595 1045 3610 -
1069 3563 1196 3624 Attanum

169 3696 258 3750 gatus
277 3678 372 3757 vulgo
390 3690 573 3759 usurpatur,
592 3676 649 3740 ubi
669 3678 800 3739 omnino
821 3677 957 3758 partitum
978 3679 1134 3740 maiorum
1149 3679 1196 3738 vi·

172 3788 245 3855 detto
266 3793 506 3873 oppositiones,
536 3795 725 3858 nulla'vero
746 3794 817 3857 talis
846 3792 1049 3857 distichorum
1070 3793 1197 3872 opposi-

172 3917 275 3970 torum
296 3910 495 3974 concinnitas
509 3911 682 3995 quaeritur.
724 3911 833 3974 Potest
851 3910 947 3991 igitur
965 3908 1041 3987 fieri,
1062 3919 1099 3968 ut
1117 3906 1197 3969 duo·

173 4037 244 4082 tum
273 4033 329 4084 taut
356 4024 456 4088 trium
488 4030 675 4109 oppositorum
705 4028 830 4088 locorum
858 4032 929 4087 sarie
958 4025 1112 4087 formatur
1134 4042 1197 4083 uua

174 4135 327 4215 quaedam
348 4160 488 4207 nervosa
510 4160 675 4225 compages
695 4161 813 4206 nemim.
853 4141 964 4203 Veluti
991 4140 1135 4202 Tibullus
1165 4138 1197 4198 iu
