3009 4725
468 424 579 487 LIBR.
601 426 626 487 1.
669 424 791 489 ELEG.
813 429 870 490 lv.
1134 443 1173 496 87

154 604 209 655 uita
232 598 280 654 bac
304 596 422 650 oudone
445 596 473 648 iu
498 594 596 648 exitu
620 592 741 648 carminis
764 599 852 648 narrat
880 601 959 665 poeta
984 573 1122 665 pro'l’itio
1144 615 1173 652 se

155 702 314 757 cousuluisse
325 698 413 764 deum,
431 711 508 765 quem
522 701 609 749 tamea
626 710 695 748 nunc
712 697 808 748 comer
826 710 842 748 a
859 696 949 749 tatium
965 712 1052 750 rerum
1070 697 1173 765 copita-

155 803 226 855 tioue
247 804 348 853 avocet
386 798 476 853 Quare
500 795 552 848 tam
578 792 688 846 aliorum
714 792 805 845 usibus
831 792 919 846 diviua
943 792 1008 849 baec
1032 802 1173 865 praecepta

154 901 239 961 offert,
256 900 407 966 magistrum
425 910 456 948 ae
474 895 613 964 profitetur
626 893 689 945 artis
706 892 818 959 amandi,
835 900 863 947 et
880 894 914 947 dc
931 895 1014 962 gioria
1031 896 1172 963 magisterii

153 999 233 1052 futuri
251 998 387 1064 magnifice
405 997 527 1063 loquitur.
562 994 618 1047 Sed
637 1009 700 1048 ecce
717 993 805 1047 subito
823 995 917 1047 amoris
935 995 1100 1063 recordatur,
1118 1012 1171 1065 quo

152 1098 238 1165 ipsum
255 1092 391 1148 Marathus
415 1094 466 1147 iam
491 1093 536 1145 diu
563 1098 698 1159 torqueat,
722 1092 813 1158 etqui
836 1092 893 1148 aliis
911 1093 989 1146 modo
1012 1111 1089 1165 opem
1107 1111 1170 1166 pro·

154 1194 274 1248 mittebat
297 1190 480 1256 iactabundus,
505 1206 564 1243 eum
591 1191 641 1243 iam
669 1190 719 1243 sibi
743 1190 795 1257 ipsi
823 1197 895 1259 patet
922 1207 999 1261 opem
1024 1194 1092 1248 serre
1118 1211 1170 1250 nou

154 1307 247 1363 pusse3
271 1291 357 1343 irritas
373 1289 486 1342 sentiens
502 1303 593 1340 omues
610 1294 680 1341 artes
698 1288 825 1356 dolosque
843 1291 964 1358 precibus
981 1292 1036 1345 adit
1053 1310 1169 1363 puerum,

152 1398 182 1442 nt
199 1395 293 1459 sponte
310 1393 400 1456 parcat
417 1392 445 1440 et
462 1385 531 1440 mitis
548 1387 603 1452 nat,
621 1385 735 1454 nolitque
753 1388 815 1439 risui
834 1389 938 1456 pubiioe
956 1405 1087 1459 exponere
1105 1410 1170 1462 poe-

153 1496 206 1542 tam
224 1504 282 1541 curn
300 1486 447 1557 praeceptis
464 1485 527 1537 auis.
545 1508 582 1522 -
613 1483 753 1536 Videamus
771 1499 839 1537 nunc
856 1501 924 1553 qnae
948 1489 983 1540 sit
1001 1492 1103 1557 poetica
1122 1489 1170 1543 ira-

153 1602 210 1639 rum
228 1601 314 1638 rerum
331 1585 407 1636 ratio.
449 1582 555 1635 Etenim
573 1581 597 1633 ai
616 1595 667 1633 nou
692 1580 797 1634 adesset
814 1581 855 1636 hic
873 1585 976 1652 esitus,
1002 1589 1103 1641 nonnisi
1127 1588 1170 1641 di-

153 1684 282 1737 dacticum
307 1681 459 1735 haberemur
481 1697 600 1747 carmeu3
627 1682 680 1735 tale
701 1697 764 1735 vero
782 1683 901 1736 Tibuiius
918 1684 1032 1738 scribere
1050 1703 1100 1740 uon
1119 1704 1168 1757 po-

153 1787 220 1852 tait3
241 1785 303 1838 iicet
319 1789 461 1854 praccepta
483 1784 578 1837 amoris
595 1782 699 1849 deutur,
716 1781 807 1834 debuit
823 1781 984 1836 nihilominus
1001 1787 1088 1854 elegia
1104 1789 1167 1856 fingi

153 1891 181 1942 ct
205 1883 336 1951 elegiacae
361 1897 473 1953 poeseos
498 1880 630 1934 observari
655 1880 730 1934 ratio.
768 1881 845 1936 Quod
864 1882 994 1949 quomodo
1011 1882 1108 1939 sectum
1124 1889 1168 1953 sit,

151 1993 203 2044 iam
227 1992 334 2061 propius
359 1986 522 2042 considerare
545 1988 626 2040 iuuat·
670 1988 786 2040 Primum
812 1987 892 2055 igitur
916 1990 1036 2057 specialia
1061 1992 1168 2057 tingitur

151 2106 229 2144 causa
246 2090 298 2157 rei3
326 2105 385 2143 cum
404 2089 472 2141 enim
490 2104 557 2163 quae
577 2090 682 2158 proprie
705 2089 834 2143 didactica
851 2098 911 2146 suut
928 2090 1057 2156 carmina,
1082 2093 1167 2144 omui·

150 2191 200 2244 bna
222 2190 366 2243 scribantur
389 2203 474 2255 aeque
499 2187 576 2239 aliana
602 2203 706 2240 cansam
731 2186 842 2241 habeant
865 2204 942 2256 queam
967 2196 996 2241 nt
1020 2190 1166 2257 quicunqne

154 2291 243 2358 legere
268 2291 329 2343 vetit
353 2290 495 2355 doceatur,
521 2287 563 2341 hic
580 2296 670 2342 contra
688 2289 775 2343 Titius
793 2291 897 2358 quidam
915 2307 973 2344 esse
990 2292 1098 2357 dicitur,
1121 2295 1166 2359 qui

150 2393 200 2446 sibi
224 2394 363 2461 expetierit
386 2394 437 2445 ista
462 2397 603 2460 praecepta
627 2392 652 2446 in
677 2408 752 2446 snum
779 2409 871 2458 usum,
898 2399 1001 2446 etcum
1019 2392 1060 2447 iric
1079 2395 1166 2447 utiiis

151 2505 204 2542 noa
221 2490 317 2557 possit,
340 2491 379 2541 ita
395 2489 499 2542 demum
517 2490 575 2543 aliis
592 2488 745 2544 offeruntur·
782 2493 901 2547 Quaeras
918 2494 959 2545 vel
976 2495 1014 2546 sic
1031 2509 1078 2545 cur
1094 2493 1166 2546 Titio

151 2603 219 2656 opus
237 2586 357 2639 fueritin
374 2585 422 2639 bac
439 2602 484 2652 re,
510 2603 558 2639 cur
581 2603 632 2640 uon
656 2586 690 2640 de
707 2603 756 2640 sua
777 2589 863 2656 potins
881 2604 959 2639 cansa
977 2594 1054 2655 poeta
1072 2606 1166 2644 consu·

150 2686 228 2739 tuerit
245 2685 329 2751 deum,
348 2700 406 2737 cum
425 2685 480 2754 ipse
497 2687 576 2738 etiam
594 2700 683 2737 amore
701 2686 748 2738 tati
765 2685 873 2739 taboret
911 2686 1069 2752 Respondeo
1087 2691 1164 2743 etiarn

148 2784 199 2837 alie
223 2784 357 2837 commoda
382 2781 477 2836 babere
504 2786 613 2837 atteram
640 2784 786 2848 dodonem,
811 2797 846 2836 ex
873 2797 924 2849 qua
948 2798 1023 2835 suum
1050 2799 1164 2840 amorem

148 2885 248 2938 nonnisi
266 2885 292 2938 in
309 2887 360 2938 tine
378 2886 530 2939 recordatur
553 2886 663 2953 aliisque
687 2885 812 2952 magister
835 2899 894 2936 esse
918 2883 991 2948 uuit,
1014 2881 1097 2933 donec
1121 2898 1165 2936 re·

149 2989 226 3052 peute
249 2984 275 3037 in
299 2985 392 3037 eodem
417 2984 512 3051 laqueo
529 2983 674 3036 meminerit
695 2999 725 3036 se
743 2984 828 3051 ipsum
847 2980 961 3034 haerere.
997 2979 1078 3033 Vides
1096 2980 1164 3031 cuim

148 3080 197 3136 boc
213 3082 291 3137 modo
308 3083 485 3136 suavissimam
504 3083 696 3153 oppositionem
714 3099 801 3137 rerum
819 3084 961 3145 exsistere,
988 3096 1046 3133 cum
1063 3079 1164 3131 iactan-

147 3181 210 3233 tiam
234 3182 351 3247 magistri
373 3197 435 3234 naor
459 3182 596 3248 augustiae
619 3188 762 3250 sequentur
787 3180 963 3249 gravissumae.
1000 3176 1058 3229 Hae
1076 3183 1163 3230 autem

148 3280 265 3345 magistri
281 3279 445 3346 gloriabundi
468 3281 604 3347 angustiae
628 3282 707 3333 etiam
725 3296 805 3347 porro
829 3279 938 3332 observa
961 3291 1039 3343 quam
1065 3274 1116 3327 vim
1138 3275 1163 3326 iu
1235 3354 1237 3358 Ι

146 3382 267 3434 uniuersa
283 3380 384 3432 ratione
400 3381 519 3434 carminis
536 3379 664 3446 babeant,
681 3397 740 3434 cum
759 3362 876 3433 nunc'ad
894 3378 994 3429 irritum
1012 3372 1106 3426 adore
1123 3374 1163 3426 vi-

145 3482 237 3535 deatur
254 3489 310 3534 teta
329 3477 428 3534 tbeoria
445 3481 609 3535 antecedens.
645 3480 774 3533 Nimirum
791 3482 878 3531 maaet
896 3473 1041 3544 praeceptis
1058 3473 1164 3542 aptissi-

146 3580 193 3631 mis
211 3579 294 3633 honos
311 3593 389 3646 quem
407 3585 555 3644 merentur,
581 3577 628 3631 sod
653 3577 752 3631 tollitur
776 3574 890 3628 suaviter
906 3573 1066 3643 principatus
1087 3571 1163 3626 theo·
1219 3550 1227 3563 ⁵

147 3677 216 3741 riae,
237 3680 338 3732 totlitur
356 3679 471 3744 grauitas
488 3679 609 3732 didactici
626 3678 762 3742 carminis,
787 3677 866 3741 itque
885 3674 985 3742 elegia,
1002 3688 1070 3742 quae
1087 3675 1164 3727 aliter

145 3774 215 3826 nuile
232 3782 296 3829 erat.
333 3774 403 3829 Nam
420 3792 479 3830 cum
496 3778 523 3831 iu
542 3777 669 3831 didactica
686 3776 760 3845 poesi
779 3772 878 3826 tbeoria
895 3788 1023 3829 mmmum
1041 3775 1088 3833 sit,
1107 3774 1164 3824 eie·

144 3874 205 3940 giae
222 3880 404 3941 argumentum
421 3882 483 3928 suut
499 3876 572 3945 ipsae
588 3882 738 3947 praesentes
756 3874 918 3936 voluntates,
936 3884 1041 3934 sensus,
1058 3869 1163 3935 gandia,

143 3972 264 4038 dotores,
282 3978 423 4030 certamina
441 3979 580 4031 amantium
599 3985 626 4033 et
646 3979 672 4031 in
690 3975 729 4030 bis
746 3972 908 4028 declarandis
928 3972 1032 4042 propria
1050 3969 1089 4019 vis
1107 3969 1163 4019 eius

142 4072 219 4124 inest.
256 4072 353 4127 Debuit
377 4077 458 4145 igitur
484 4078 562 4131 etiam
590 4080 716 4147 prepositi
739 4076 859 4131 carnnnis
883 4074 950 4127 ratio
969 4071 1019 4124 hnc
1038 4070 1162 4130 revomi,

142 4171 220 4240 idque
238 4171 422 4231 iucundissime
440 4177 546 4232 tactum.
584 4179 650 4235 Cum
668 4182 734 4236 enirn
749 4185 837 4249 poeta,
853 4178 898 4247 qui
917 4175 994 4230 modo
1013 4170 1164 4240 magistrum
