3009 4725
301 393 361 451 132
541 381 822 450 COMMENTAR.
841 387 888 451 ΙΝ
909 387 1081 451 TlBULLl

299 566 409 615 nocente
428 574 485 613 euru
502 556 605 624 lubeat,
623 584 659 599 -
675 558 735 611 red
754 566 850 612 ctu-
869 558 933 611 Mox
952 559 1101 612 credere
1120 557 1239 613 durum
1259 569 1321 628 eet,

296 655 410 726 χαλιιιὼ
429 658 575 711 πιστεῦσαι.
612 657 736 710 Ceterum
762 656 827 710 boec
846 662 873 709 et
891 657 971 710 multu
994 673 1027 710 cx
1046 657 1214 723 sequentibus
1232 659 1321 712 reddi-

298 760 338 813 uit
361 760 443 811 Orto.
461 757 541 810 Triet.
558 755 593 822 Il,
612 759 742 809 tetum.
772 783 807 794 -
837 756 877 809 Ad
905 772 929 808 v.
949 760 975 807 9.
1004 755 1071 809 cous.
1098 756 1207 808 similem
1233 757 1319 811 locum

298 862 382 913 Ovum.
399 861 502 911 Amorr.
519 857 569 922 111,
588 859 668 922 1,49.
686 884 719 896 ·-
740 855 773 909 V.
793 861 824 909 ll
841 873 898 922 eqq.
916 870 1053 918 cruere,
1072 852 1096 907 Ιι.
1113 870 1136 906 e.
1157 861 1318 922 praetextus.

297 957 428 1011 Tenere.
441 953 560 1009 Eunucb.
571 955 592 1020 l,
607 957 634 1018 2,
647 957 698 1006 bl:
715 955 866 1023 Postquam
883 951 967 1003 senuit
984 970 1024 1001 nee
1041 961 1129 1003 tecum
1144 971 1247 1024 quoque
1261 972 1316 1004 rem
1423 994 1426 1000 ,

296 1057 410 1118 labere,
421 1057 509 1129 fingit
527 1071 641 1110 causor,
657 1069 689 1102 ne
707 1050 766 1107 det,
785 1048 885 1102 reduto.
923 1052 1012 1106 Quare
1031 1058 1102 1105 recte
1121 1050 1198 1105 hebet
1217 1057 1261 1106 ut.
1279 1078 1315 1090 ·-

296 1160 437 1214 cardine
453 1157 577 1219 lecito,
595 1152 694 1204 ruffum
708 1166 784 1216 eque,
802 1151 839 1203 eit
854 1150 995 1217 Herulus,
1009 1159 1039 1205 ut
1052 1154 1159 1208 Peior.
1175 1154 1279 1206 Curcul.
1294 1153 1317 1219 Ι,

295 1266 322 1330 b,
339 1267 375 1327 ³,
393 1274 545 1330 quemquam
565 1257 654 1325 plures
672 1253 778 1307 frauder
796 1255 910 1320 viguisse
929 1256 1004 1309 lacile
1022 1256 1122 1309 credes.
1141 1284 1177 1297 -·
1196 1272 1317 1310 euccoe

296 1361 503 1427 herbasque,
529 1371 577 1409 cur
600 1353 626 1404 l'r
650 1348 696 1403 ml
724 1352 800 1406 δυοῖν
819 1358 931 1406 rtrtuem
954 1370 1004 1408 uou
1023 1355 1107 1409 rideo.
1145 1356 1223 1409 Dedit
1241 1356 1265 1408 ei
1283 1355 1317 1407 li-

293 1474 388 1527 quorcr
404 1455 562 1530 (spiritur),
581 1460 608 1507 et
625 1452 698 1506 dedit
716 1453 819 1520 herber,
841 1471 906 1521 quae
924 1457 1096 1510 comminutus
1113 1463 1141 1510 et
1158 1449 1316 1510 medeieetm

294 1560 428 1615 adhiberet
447 1564 577 1623 umquem
592 1549 702 1625 χριστδν
719 1551 855 1625 φάρμακον
873 1556 994 1626 (solbe).
1030 1559 1153 1611 Ceterum
1173 1560 1254 1611 multu
1272 1576 1319 1612 re·

293 1659 378 1714 medie
397 1657 528 1710 livoris
546 1654 663 1708 Futurus
681 1651 795 1718 iudicet,
825 1671 892 1722 quoe
910 1658 983 1710 locos
1000 1657 1215 1710 Broucruurrus
1234 1660 1317 1711 colle-

292 1763 340 1830 git
355 1786 390 1801 -
409 1760 577 1826 iurpreeeo
596 1754 718 1820 deute,
737 1755 771 1809 cl.
790 1756 873 1809 Orto.
893 1761 993 1812 Amorr.
1011 1758 1033 1824 l,
1050 1765 1076 1825 7,
1094 1762 1138 1812 41.
1166 1759 1275 1814 Hoetu.
1292 1762 1313 1828 l,

293 1856 679 1926 re,1o.il›lq.Lmr1u.-
708 1855 795 1920 Atque
821 1852 884 1908 brec
904 1855 1036 1910 becteuur.
1074 1858 1129 1913 lum
1155 1860 1216 1926 quid
1242 1876 1316 1913 eom·

292 1963 433 2018 miubcitur
458 1965 552 2028 poeto,
576 1964 606 2010 ut
631 1964 785 2010 coerceatur
809 1959 858 2013 istu
884 1958 1053 2013 intolerabilis
1076 1961 1200 2028 pertidia,
1226 1967 1254 2013 et
1277 1961 1310 2014 ud

293 2043 426 2119 meliorem
443 2057 545 2127 frugem
563 2059 652 2128 puelle
671 2057 785 2112 redeett

366 2161 399 2215 V.
418 2161 514 2212 15-42.
551 2156 701 2210 Medium
728 2171 873 2210 carmen.
909 2157 1020 2209 Prima
1045 2174 1130 2226 pure.
1166 2160 1311 2212 Primum

293 2258 486 2315 custodium
505 2258 580 2311 vult
597 2272 753 2310 cererem
771 2272 859 2309 erre.
897 2256 1025 2309 Hortatur
1044 2258 1124 2323 igitur
1142 2260 1259 2311 meritum
1280 2266 1311 2313 ut

292 2368 378 2416 cerret
396 2360 535 2428 diligenter
552 2374 676 2423 uxorem,
693 2364 860 2426 assumatque
877 2358 956 2410 etium
977 2374 1036 2425 rese
1054 2356 1188 2411 curtodem
1205 2357 1309 2424 suadet,

292 2476 351 2516 cum
369 2461 427 2530 ipre
442 2462 507 2515 ectio
525 2458 656 2514 custodire
676 2475 733 2514 eum
753 2476 805 2513 nou
824 2461 916 2530 ponit.

362 2559 398 2614 V.
418 2564 461 2614 lb.
488 2561 628 2613 incaute
646 2560 784 2613 coniux.
810 2558 893 2611 Ovio.
912 2560 1013 2612 Amore.
1032 2559 1310 2625 11,1e‚³t=Arru

285 2658 425 2733 sermome
450 2659 562 2712 nicilum
583 2676 676 2711 secure
698 2656 818 2728 puellae.
864 2656 970 2711 Videbit
996 2659 1033 2710 ibi
1060 2659 1187 2727 ampliora
1213 2659 1312 2710 mouile

290 2760 422 2826 eimdem,
438 2758 508 2827 quod
526 2757 568 2811 bic
586 2757 747 2823 tractabitur,
765 2758 918 2824 argumenti.
937 2785 971 2797 -
1001 2757 1053 2810 Me
1078 2773 1216 2826 quoque
1240 2773 1312 2811 rer·

290 2866 376 2916 veto.
418 2860 552 2922 Observa,
578 2856 631 2920 eit,
655 2870 762 2920 omues,
787 2861 815 2908 et
838 2857 900 2908 licet
925 2856 981 2924 ipre
1004 2858 1081 2909 etium
1101 2857 1223 2909 observet
1240 2873 1256 2909 ι
1274 2863 1310 2921 te,

288 2961 376 3013 malim
401 2955 451 3012 boc
476 2958 590 3010 tolerare
614 2970 691 3024 quem
716 2957 833 3008 rivalem.
869 2955 920 3008 Est
944 2958 1042 3026 primur
1066 2958 1178 3027 impetus
1202 2956 1310 3022 doloris,

288 3060 334 3127 qui
351 3058 416 3112 lucc
435 3056 515 3110 verbe
533 3055 641 3120 (locuit,
666 3069 729 3107 mox
747 3059 831 3106 mutet
849 3055 984 3108 consilium
1001 3064 1031 3109 ut
1051 3056 1150 3109 ridebis
1169 3064 1196 3109 et
1213 3072 1242 3108 re
1261 3070 1309 3107 err·

287 3161 339 3229 cipi
357 3161 420 3214 vult.
456 3156 616 3210 Suuviuiuru
644 3162 685 3208 eu
704 3157 812 3208 mutatio
829 3158 968 3209 effectuum
991 3157 1061 3226 upud
1078 3157 1219 3210 Tibullum.
1257 3154 1310 3207 Ce-

288 3267 374 3315 terum
389 3277 498 3313 servare
516 3266 572 3311 cete
590 3258 739 3323 observare,
757 3259 902 3325 custodire,
921 3254 1074 3320 φυλάττειν,
1092 3270 1195 3328 τηρεῖν,
1214 3263 1243 3309 ut
1260 3271 1309 3308 uo-

287 3366 352 3413 tuur.
366 3388 401 3399 -
420 3362 453 3415 tl.
472 3365 506 3413 rt
525 3376 583 3427 sqq.
619 3359 754 3412 Receueet
773 3374 840 3410 uuuc
858 3364 928 3411 artes
946 3365 973 3410 et
991 3357 1106 3410 lelluciee
1125 3357 1235 3409 lascivae
1253 3356 1307 3406 De·

288 3461 348 3525 liue,
366 3462 393 3511 in
408 3477 461 3526 quo
478 3461 537 3513 vide
555 3476 660 3513 ruerem
677 3476 763 3513 rerum
782 3476 958 3529 progressum.
994 3459 1084 3514 Primo
1103 3453 1212 3509 disticho
1230 3453 1308 3504 effert

287 3562 373 3618 urtce,
398 3559 493 3621 qulbus
511 3559 616 3611 omniuo
634 3559 715 3611 allicit
733 3561 840 3611 iuvenes
859 3560 960 3627 puella,
980 3558 1094 3611 secundo
1116 3558 1190 3623 riguo
1208 3552 1308 3606 descri-

287 3654 335 3719 bit,
352 3655 445 3722 quibus
463 3670 522 3707 cum
541 3663 644 3709 umente
663 3659 768 3710 invento
788 3659 954 3725 colloquitur,
973 3659 1058 3710 locum
1078 3663 1105 3708 et
1123 3662 1226 3722 tempus
1244 3666 1309 3704 cou-

288 3760 381 3809 ventue
400 3753 525 3819 iudicans,
548 3756 626 3807 tertio
645 3763 785 3807 exeuntem
804 3757 884 3822 vides,
910 3765 939 3807 ut
957 3757 1059 3824 cupium
1076 3755 1117 3807 sui
1136 3753 1222 3804 luciet.
1260 3752 1310 3801 At·

288 3874 340 3925 que
356 3857 393 3909 itu
411 3863 489 3925 poete
508 3856 595 3925 poeuit
612 3861 704 3907 totum.
722 3882 760 3893 —
778 3854 858 3907 Neu.
891 3854 1000 3906 Moueut
1021 3855 1261 3906 Wuuuuuorcurus
1281 3852 1310 3897 et

286 3959 466 4023 umorum,
491 3958 645 4027 porticulum
664 3971 716 4009 nou
734 3956 768 4009 ed
787 3954 983 4010 antecedentem
1002 3972 1122 4020 versum,
1147 3952 1193 4006 sed
1212 3952 1245 4004 ud
1264 3965 1310 4001 se-

286 4059 393 4125 queutia
410 4056 580 4121 referendum,
599 4059 722 4108 cereto
738 4069 803 4106 ueu
822 4055 982 4109 celebret
996 4083 1028 4095 -
1045 4069 1129 4108 neve
1149 4052 1255 4105 cubet
1273 4078 1310 4090 -

286 4172 349 4210 ueu
374 4157 544 4225 decipiet,
572 4172 633 4209 cum
657 4166 826 4225 pracceptum
845 4161 967 4226 gencrale
985 4159 1018 4212 de
1032 4154 1207 4210 custodienda
1227 4156 1311 4205 uxore

1281 4446 1312 4507 0
