3009 4725
355 331 417 387 ³88
576 323 862 394 contutum
884 330 930 395 ΙΝ
952 332 1125 399 TlssULnr

355 496 493 562 deraserit,
510 498 609 551 sentiet
625 514 733 554 neeesse
752 506 794 555 est
807 503 955 572 imperfecti
972 519 1038 574 opus
1055 519 1102 558 nos
1119 511 1216 571 tenere,
1234 520 1286 558 uon
1305 506 1374 559 ciss-

352 596 400 649 siei
419 604 520 665 postne.
556 597 652 651 Dicunt
669 599 823 667 spumeus,
844 604 977 670 Vonrros,
997 604 1157 657 liuscusros
1173 606 1200 657 iu
1217 604 1373 658 adolescen-

353 697 389 749 tis
407 697 433 749 id
457 698 560 751 Albium
579 697 680 753 iecisse.
717 703 753 753 nt
777 704 847 756 enlm
872 706 999 774 scriptum
1022 714 1095 760 oeric
1112 715 1154 760 est
1172 714 1231 776 poet
1247 708 1371 760 initume

354 799 466 853 diessnln
494 800 655 853 comulatam
681 815 742 856 nnn.
760 806 823 857 193.
849 820 900 872 quo
918 820 986 858 enno
1010 807 1087 858 etism
1109 807 1190 873 prime
1208 808 1295 871 elegis
1312 807 1371 858 libri

352 898 427 965 prirni
453 897 566 965 scripte,
592 913 669 964 quum
695 906 787 954 scente
810 908 851 954 est
875 917 934 954 eun.
959 905 1021 955 ⁷26.
1046 903 1122 952 tertis
1153 902 1267 952 eiusdem
1298 905 1370 954 libri.

353 998 382 1051 Ιιι
403 996 442 1050 ΙιΙι
467 1005 555 1051 eutem
581 1000 737 1055 carminibus
763 1017 820 1054 cunr
845 1016 943 1054 sumnus
970 1002 1007 1054 ris
1030 1003 1058 1050 ut
1081 999 1162 1050 virtus
1185 996 1282 1050 Tibulli
1301 1014 1367 1051 cou-

350 1096 490 1164 spiciatur,
527 1098 657 1161 quornodo
687 1098 759 1150 credi
786 1103 871 1166 polest
893 1097 986 1150 eodem
1014 1102 1134 1165 tempore
1164 1101 1218 1149 tum
1243 1097 1372 1151 dissimile
1465 1079 1466 1114 ³

350 1212 415 1265 opus
441 1196 475 1248 sb
499 1212 532 1249 eo
559 1195 748 1264 compositum?
783 1195 870 1262 Atque
894 1194 998 1252 etlemsi
1015 1196 1072 1248 lieri
1093 1201 1198 1264 posset,
1224 1194 1294 1262 quod
1312 1197 1370 1249 lieri
1465 1187 1466 1196 ¹

349 1296 453 1361 nequit,
472 1300 500 1346 nt
517 1296 614 1360 eliquot
634 1294 707 1345 eruis
725 1295 804 1361 prius'
814 1299 958 1362 poneretur
976 1295 1117 1362 scriptum,
1141 1309 1184 1347 res
1202 1293 1294 1346 endem
1312 1310 1370 1347 ms·
1393 1285 1403 1290 ”

353 1405 442 1452 nerets
469 1398 589 1465 egregius
609 1395 650 1447 bio
676 1401 758 1463 poete
783 1387 862 1448 etism
886 1395 912 1446 iu
934 1393 1112 1447 adolescentis
1129 1409 1181 1446 non
1198 1397 1284 1464 potnit
1305 1395 1368 1449 bsec
1465 1429 1466 1442 ι

352 1514 462 1564 ornere,
487 1513 538 1552 non
558 1497 658 1566 potuit,
682 1494 805 1562 inquam,
831 1493 875 1560 qui
892 1509 1023 1560 generose
1046 1495 1124 1547 enimi
1149 1495 1251 1560 indole,
1278 1496 1368 1563 vigore

351 1601 500 1663 effectuum,
518 1599 649 1666 eleguntie
663 1596 760 1661 iudicii,
778 1602 835 1649 nrte
853 1595 1058 1662 compositionis,
1074 1594 1227 1648 elocutionis
1243 1596 1369 1662 dignitate
1465 1597 1466 1630 l

350 1706 379 1753 et
394 1700 560 1767 simplicitate
580 1716 597 1752 n
614 1697 791 1764 mythologice
809 1697 913 1764 ulloque
930 1695 1002 1749 insul
1021 1702 1112 1748 ornuts
1129 1696 1214 1748 eliens
1231 1701 1368 1763 unuopere
1465 1771 1466 1782 χ

352 1800 447 1851 eminet
472 1798 540 1850 inter
565 1797 709 1863 elegimus,
736 1795 889 1849 adolescens
915 1795 1086 1848 sdulsturinm
1111 1801 1140 1847 et
1163 1809 1246 1864 poene
1263 1798 1366 1862 servile,

350 1897 480 1961 ieiunum,
508 1898 624 1962 ineptum
650 1895 783 1961 ingenium
808 1891 911 1947 bebere.
956 1896 1046 1951 ernre
1070 1893 1148 1947 etism
1174 1895 1289 1948 Vossrus
1314 1913 1368 1950 nou

351 1995 494 2051 sudiendus
522 2003 562 2049 est
594 2009 702 2049 censens
732 1996 843 2047 fortusse
874 1989 991 2046 noluisse
1022 1999 1126 2061 poetnm
1154 1995 1229 2048 aliter
1254 1996 1368 2049 seribere

351 2114 428 2166 quem
447 2097 488 2150 bic
507 2096 617 2160 iactum,
644 2111 696 2162 quo
714 2094 777 2148 nihil
796 2096 848 2162 legi
868 2095 951 2162 ungis
970 2095 1036 2150 mire
1056 2093 1160 2146 dictum.
1201 2093 1241 2147 Ac
1258 2109 1293 2146 ne
1309 2109 1368 2147 csse

350 2196 454 2263 quidem
474 2197 569 2248 melum
586 2208 688 2245 carmen
707 2193 814 2256 iudicet,
831 2193 878 2245 sed
898 2194 963 2245 bene
979 2199 1148 2261 temperetum
1167 2194 1250 2246 laudis
1266 2196 1369 2260 mugni-

352 2298 456 2351 dcentin
474 2302 502 2346 et
519 2291 660 2344 modestiae
679 2289 854 2355 simplicitate,
872 2291 910 2341 sic
932 2289 1035 2343 scilicet
1052 2293 1184 2361 uppellnns
1202 2308 1269 2360 quse
1286 2307 1365 2361 supra

352 2398 387 2451 ob
404 2396 494 2446 oculos
510 2387 642 2455 posuimus
660 2387 762 2439 lectori.
800 2389 907 2443 Qusnto
924 2390 1020 2442 melius
1037 2388 1205 2459 Huscurrrus,
1222 2394 1267 2460 qui
1283 2393 1367 2446 inter·

350 2491 437 2560 points
455 2483 582 2555 quaedam
597 2484 686 2539 dicere
704 2485 818 2540 malebat
836 2487 938 2553 inesse,
957 2493 986 2540 ut
1005 2504 1045 2541 vv.
1065 2492 1119 2543 191·
1125 2493 1223 2556 -m,
1241 2507 1273 2544 ue
1290 2491 1366 2545 nimis

352 2589 458 2657 indigns
476 2588 650 2642 tribuerentur
666 2587 784 2642 Tibullo.
818 2589 873 2642 Sed
892 2595 983 2644 contre
1004 2591 1125 2644 Vossius
1142 2598 1304 2660 ceterosque,
1320 2597 1367 2661 qui

347 2688 481 2744 Tibullum
507 2695 642 2743 suctorem
666 2685 778 2753 hebent,
805 2687 945 2755 disputsvlt
972 2689 1049 2742 etiem
1077 2688 1201 2744 Bionnos
1225 2691 1367 2747 verissime.

350 2789 444 2857 Neque
470 2806 502 2842 eu
524 2802 567 2842 res
591 2788 679 2843 dubie.
717 2786 905 2841 dbludionruut
922 2786 1020 2841 dudum
1039 2786 1146 2843 Tibullo
1163 2804 1267 2845 cutmen
1284 2790 1366 2845 Hur-

336 2907 428 2958 .rrros,
453 2888 713 2943 Mrrscsssnronros
732 2886 765 2941 nd
784 2887 877 2942 Horat.
895 2888 944 2955 111,
961 2892 1007 2956 25,
1023 2907 1050 2957 p.
1070 2893 1151 2956 Μ,
1177 2886 1366 2944 Eucmsnros

347 2992 374 3043 iu
392 2962 589 3056 Progrsmn'rste
607 2988 709 3042 lonensi
733 3002 793 3041 unu.
813 2990 907 3055 18⁰0„
935 2991 988 3044 lum
1012 3003 1091 3059 supre
1115 2990 1234 3057 isudsto,
1261 2991 1365 3057 utique.

349 3094 389 3143 Ac
409 3089 540 3141 Herulus
564 3089 691 3154 originem
709 3089 765 3142 elus
788 3088 828 3142 his
851 3091 936 3142 verbis
961 3090 1091 3158 explicet:
1118 3088 1216 3156 „Plura
1233 3087 1362 3143 bubemns

349 3185 494 3239 luniusmodl
519 3186 648 3250 onrnrinn,
675 3186 779 3238 serioris
803 3188 896 3239 setetis
922 3186 1006 3253 letus,
1032 3188 1127 3256 quibus
1146 3187 1250 3257 poetice
1267 3198 1311 3239 ers
1330 3185 1366 3240 sd

349 3283 492 3337 rhetoricas
517 3286 758 3354 praeceptiunculus
783 3289 900 3340 renocnri
925 3291 1023 3357 coepit.
1066 3288 1145 3347 Quod
1168 3295 1255 3342 sutem
1272 3286 1366 3341 iude·

348 3383 544 3436 clametionibus
561 3384 647 3437 locere
672 3384 794 3437 solebsnt
817 3390 847 3438 ut
868 3385 957 3440 nobile
983 3400 1018 3441 en
1040 3394 1130 3441 vetere
1148 3385 1254 3441 historie
1271 3398 1365 3438 nomeu

348 3478 487 3533 etinctum
507 3490 695 3550 proponerent,
719 3483 745 3536 in
769 3499 824 3553 quo
840 3487 951 3542 iuvenile
969 3490 1104 3556 ingenium
1121 3486 1305 3551 controversiis
1322 3484 1366 3539 io·

316 3586 318 3595 “
346 3580 464 3633 rensibus
489 3583 669 3649 prneluderet,
694 3584 764 3637 idem
789 3588 931 3640 instituisse
957 3590 1078 3642 ridentur
1101 3587 1221 3655 magistri
1238 3585 1366 3654 poetices,

353 3684 384 3732 ut
404 3695 437 3732 ex
456 3685 562 3744 vetere,
588 3681 726 3747 Augusteo
744 3682 875 3751 inprimis,
900 3688 1005 3740 saeculo
1024 3688 1156 3741 rosteriem
1174 3683 1370 3741 exereitstionis
1465 3726 1466 3735 ,

348 3787 468 3850 peterent
490 3796 603 3847 maeque
627 3785 819 3851 praeceptionis
844 3787 963 3855 exemplu
984 3782 1166 3856 proponerent.
1201 3783 1232 3838 lu
1249 3784 1372 3835 Amo-
1465 3798 1466 3825 ι

345 3897 431 3936 noers
450 3882 559 3935 Lnnrnn
578 3882 651 3949 plurn
670 3884 786 3936 carmine
802 3890 956 3949 occurrunt,
975 3898 1044 3950 quse
1063 3883 1089 3937 in
1108 3882 1177 3937 bunc
1195 3892 1302 3935 censum
1321 3893 1371 3930 re·

343 3980 450 4032 terenda
468 3987 529 4033 suut
546 3987 575 4031 ut
591 3978 641 4032 ism
660 3980 693 4033 nd
712 3982 850 4035 cetuleotn
868 3982 996 4034 Vrnornrr
1021 3983 1175 4036 monuimus.
1210 3980 1280 4032 Sunt
1297 3992 1371 4030 uon-

347 4079 417 4132 nulls
435 4092 468 4131 es
487 4080 518 4132 iis
536 4082 561 4133 in
581 4080 673 4146 quibus
691 4082 788 4150 ingenii
806 4094 871 4135 vcun
889 4086 999 4137 estnon
1018 4082 1143 4148 obscure,
1169 4081 1220 4135 slis
1237 4074 1371 4133 orntionls
