3009 4725
479 276 591 339 LIBR.
613 276 670 340 111.
712 274 834 339 ELEG.
856 276 912 337 ΙΙΙ.
1136 286 1197 339 335

175 464 298 514 1‚0ai,-
322 451 456 522 pondus
475 449 600 500 divitis
615 448 705 512 auri,
725 453 756 498 ut
775 446 794 511 l,
814 450 841 512 9,
861 449 907 500 ³1.
945 447 996 500 Hie
1014 450 1091 502 etiam
1111 466 1196 519 oppo-

175 562 275 616 sitionis
301 571 380 608 causa
406 558 468 619 apra
492 556 533 601 est
558 546 666 617 phrasis.
703 548 803 598 nrrrnm
827 552 855 598 et
879 547 937 613 agri
955 548 1071 615 legitime
1088 565 1196 618 compo-

177 667 280 713 nuntur.
299 682 336 694 -
354 648 521 715 Phrygiis
540 645 658 698 innixa
678 644 856 697 columnis.
892 644 1005 698 Celebre
1025 663 1108 712 genus
1126 665 1195 701 mar-

149 777 150 782 *
176 761 255 814 moris
273 753 343 825 apud
370 751 521 805 Docimeanr
547 746 634 798 vicum
658 742 789 811 Phrygiae
814 745 841 797 in
865 745 959 798 vicinia
980 748 1110 811 Synnadis
1135 764 1196 800 rae-

175 878 247 925 sum,
273 857 342 910 uude
366 856 446 907 etiarn
470 846 647 915 Synnadicus
673 845 800 897 Romanis
824 845 928 900 dicitur.
964 847 1026 901 Fuit
1050 851 1197 916 candidum,

177 959 223 1013 sad
242 957 349 1010 maculis
368 949 504 1021 purpureis
522 945 681 999 distinctum.
717 946 805 998 Suru.
823 946 887 998 siin.
904 945 927 1010 1,
944 951 971 1011 5,
990 951 1039 1000 ὃτι
1065 952 1196 1018 Purpura

177 1058 250 1111 solu,
275 1072 341 1104 coro
358 1049 497 1119 Phrygiae
523 1062 604 1117 quarn
622 1041 766 1112 Synnados
789 1051 870 1094 unire
888 1045 949 1112 Ipsa
968 1049 1120 1100 cruentavit
1139 1069 1197 1102 rnu-

178 1154 247 1206 culis
280 1148 430 1204 lucentibus
456 1145 547 1199 Attia·
590 1142 658 1196 Vide
686 1144 765 1194 eiiam
788 1143 892 1195 Sum.
918 1143 966 1196 IX.
993 1163 1019 1214 p.
1045 1150 1106 1201 437.
1135 1150 1198 1203 XII.

180 1278 206 1327 p.
224 1259 286 1309 865.
313 1252 381 1306 unde
405 1250 491 1301 disces
518 1247 545 1298 in
563 1244 677 1297 maximo
702 1243 728 1294 id
748 1244 832 1310 pretio
851 1240 966 1295 habitum
985 1259 1043 1296 esse
1064 1245 1198 1302 Romanis.

178 1358 308 1409 Memorat
332 1353 410 1404 eriam
438 1348 582 1399 Herennius
604 1344 652 1410 lli,
673 1348 696 1405 1.
714 1347 759 1396 41.
784 1342 829 1395 ubi
856 1342 890 1395 ef.
915 1344 1196 1415 Minscuenurcuruu,

177 1457 210 1508 ad
228 1460 343 1507 nostrum
360 1465 422 1502 vero
437 1449 521 1501 iocum
536 1446 814 1498 Bnoucruununa-
831 1442 1002 1511 Taenare,
1021 1449 1097 1502 sive
1118 1452 1198 1505 ruis.

178 1556 295 1607 Marmor
312 1550 466 1602 Taenarium
492 1547 541 1597 boc
567 1550 622 1608 eat,
650 1542 719 1608 quod
738 1542 841 1594 Romae
865 1540 925 1594 inde
946 1543 979 1594 ab
1001 1547 1111 1611 Augusti
1130 1555 1198 1602 iem-

179 1653 286 1722 poribus
304 1654 452 1715 usurpatum
471 1644 589 1706 ridetur,
617 1655 676 1691 cum
700 1639 810 1691 Graecis
834 1639 880 1692 diu
905 1648 967 1693 ante
984 1643 1010 1695 in
1030 1659 1077 1696 usu
1096 1644 1198 1700 inisset.

178 1750 245 1802 Ernr
262 1751 351 1815 niger,
370 1753 396 1799 et
413 1744 487 1797 innius
506 1742 611 1810 quidem
630 1742 734 1807 generis
751 1740 956 1808 celeberrimus,
981 1743 1056 1811 lapis.
1093 1746 1198 1801 Laudat

179 1855 256 1907 etiam
274 1854 450 1905 Pnonssn‘rlus
465 1846 513 1912 ΙΙΙ,
531 1849 558 1909 2,
576 1848 608 1896 9:
628 1841 708 1911 Quod
726 1860 779 1892 non
801 1842 941 1893 Taenariis
961 1843 1053 1895 domus
1073 1857 1114 1897 esi
1132 1848 1198 1898 milri

172 1955 256 2025 salta
277 1950 414 2003 colunrnir.
456 1950 569 2000 Snusuo
594 1943 627 1996 de
652 1944 788 1994 Taenariis
815 1942 960 2010 lapicidinis
985 1945 1100 2009 loquitur
1124 1947 1197 2011 vui,

179 2072 204 2121 p.
221 2056 283 2104 ³61.
320 2053 391 2100 Cave
408 2062 470 2099 vero
487 2044 537 2096 boe
555 2056 742 2095 marmoreum
765 2040 895 2092 Laconico
920 2040 1106 2111 (Serpentino)
1132 2062 1197 2098 eon-

179 2154 286 2217 iundas‚
301 2149 371 2218 quod
391 2148 474 2201 viride
494 2147 561 2210 suit,
581 2159 685 2197 caesum
700 2143 726 2194 iu
745 2142 882 2207 Taygeto,
900 2149 1070 2196 memoratum
1088 2160 1105 2196 a
1121 2145 1197 2197 Pnu-

179 2269 259 2307 srarn
278 2254 326 2317 lii,
344 2255 389 2314 21,
408 2252 434 2303 4.
466 2249 575 2314 aliisque
603 2245 692 2297 multis
719 2243 788 2311 apud
817 2242 1037 2296 Baouorrurrsrunr
1065 2245 1137 2298 iocis.
1161 2273 1197 2284 -

179 2355 252 2407 sive
277 2352 424 2413 Caryste
450 2346 528 2398 tuis.
566 2344 681 2396 Marmor
700 2340 848 2406 Caryatium
871 2339 1029 2411 (Cipoliino)
1053 2344 1122 2412 apud
1145 2346 1197 2398 Ca-

180 2457 279 2517 rystum
302 2450 328 2500 in
356 2445 465 2497 Euboea
492 2458 597 2495 caesum
622 2459 655 2495 ex
681 2456 770 2494 eorum
792 2456 889 2505 genere
916 2442 980 2507 init,
1006 2460 1074 2509 qune
1098 2454 1198 2498 mature

180 2556 303 2619 usurpata
327 2552 395 2598 sunt.
440 2541 548 2594 virebat
573 2540 639 2607 lapis
663 2540 762 2591 marino
788 2536 877 2589 colore
899 2543 926 2588 et
949 2539 1019 2590 venis
1043 2541 1068 2592 in
1094 2545 1197 2597 modurn

181 2655 305 2706 fluctuum
331 2651 387 2700 erat
410 2645 567 2696 distinctum.
603 2642 691 2692 Snnr.
710 2640 774 2692 Siiu.
793 2637 826 2702 ll,
844 2640 870 2703 2,
891 2641 941 2689 9³:
967 2638 1022 2688 Hie
1047 2641 1197 2693 Nouariam

180 2754 272 2804 lucent
292 2747 431 2820 flaventia
456 2761 526 2797 saxa
554 2742 710 2811 Thasosque
727 2741 765 2790 Er
793 2737 871 2789 Chios
895 2748 923 2787 et
947 2735 1070 2808 gaudens
1090 2741 1199 2807 flnctus

181 2870 297 2924 aequore
317 2852 454 2916 Carystos.
491 2843 565 2896 Adde
590 2844 642 2896 aiia
668 2840 738 2910 apud
763 2839 993 2891 Bnoucrruusrunr.
1014 2864 1048 2876 —
1079 2839 1197 2903 Denique

182 2954 216 3006 ad
236 2958 318 3004 toturn
337 2951 423 3002 iocum
441 2946 531 2999 confer
548 2941 745 3011 Descriptionr'r
763 2944 863 2993 Romae
888 2956 905 2991 a
927 2941 1097 3003 Punuuuao,
1122 2939 1198 2990 buu·

183 3065 280 3117 anano,
300 3053 475 3112 Gaurano,
493 3047 675 3100 Rossnsnmo
694 3059 777 3110 nuper
795 3044 881 3095 editae
899 3039 975 3091 Toni.
993 3038 1014 3089 l.
1034 3055 1059 3106 p.
1075 3042 1128 3089 336
1141 3053 1199 3104 sqq.

179 3153 224 3205 ubi
248 3159 368 3206 accurate
395 3151 534 3219 exponitur
559 3146 592 3199 de
619 3161 776 3198 marmorum
803 3141 945 3211 generibus
970 3137 1038 3208 apud
1064 3139 1198 3191 Romanos

177 3255 318 3322 usurparis.
352 3254 462 3304 Poetanr
477 3263 539 3300 uero
559 3244 709 3298 observabis
728 3259 786 3295 euni
805 3241 927 3297 babuisse
946 3238 1091 3301 deiectum,
1110 3244 1139 3289 ut
1157 3238 1199 3289 di-

178 3355 247 3409 versi
267 3354 362 3406 coloris
380 3365 508 3403 marmora
528 3348 575 3398 tria
595 3327 748 3397 noannareb
762 3370 798 3381 -
815 3342 849 3395 V·
868 3343 912 3393 ib.
932 3343 976 3392 16.
1003 3338 1045 3390 Et
1063 3353 1199 3391 nemora

177 3456 208 3507 in
228 3454 399 3517 domibus,
428 3453 454 3503 in
473 3447 599 3516 impluvio
617 3452 688 3513 puta.
716 3444 827 3495 Hense.
847 3440 1008 3506 111,1o‚5=
1037 3438 1128 3493 Audis
1146 3457 1199 3511 quo

176 3553 291 3620 strepitu
310 3554 411 3609 ianua,
438 3567 491 3621 quo
509 3562 602 3599 narnus
626 3544 704 3595 Inter
725 3539 844 3610 pulchro
860 3548 953 3593 retum
972 3549 1046 3591 tecto
1065 3538 1200 3608 remugiat

182 3647 297 3698 Ventis?
324 3650 387 3714 ibiq.
410 3649 588 3701 Mlnscuuub.
613 3648 641 3695 et
665 3639 777 3693 Hou'r.
800 3639 885 3708 Epist.
909 3639 931 3703 I,
958 3644 1001 3703 10,
1014 3641 1070 3689 'aaz
1100 3636 1199 3702 Nempe

177 3740 249 3790 inser
262 3743 355 3793 varius
366 3745 493 3795 nutritor
505 3741 577 3794 silva
591 3738 736 3793 columnas,
755 3739 818 3807 ibiq.
831 3738 951 3789 Scuurn.
980 3733 1055 3787 Adde
1069 3733 1201 3784 Bnoucrr-

178 3853 282 3891 unsrun
307 3844 336 3890 et
359 3839 490 3894 Vunnrnu
514 3841 547 3894 ad
573 3839 641 3892 hune
658 3838 743 3893 iocum
764 3846 793 3899 et
810 3837 967 3895 uass-rra,
993 3833 1037 3897 qui
1056 3833 1202 3885 Sinauarr-

178 3949 240 3989 nurr
260 3934 294 3988 ad
312 3936 396 3988 Ruiii.
414 3937 475 3990 ltin.
492 3940 515 4004 l,
531 3944 593 3993 111.
614 3938 709 3993 laudat.
723 3970 762 3989 -
780 3949 898 4008 ,actos
915 3929 1088 3984 imitantia
1105 3931 1203 3983 lucos

178 4034 234 4089 scil.
253 4036 426 4101 amoenitate,
453 4038 557 4104 qualem
580 4040 702 4096 describit
729 4045 853 4129 vomu„
877 4031 911 4091 ari
935 4026 1030 4095 virgil.
1047 4027 1141 4097 Eriog.
1157 4028 1205 4093 Vl,
