<?xml version="1.0" encoding="UTF-8"?>
<!DOCTYPE html PUBLIC "-//W3C//DTD XHTML 1.0 Transitional//EN"
    "http://www.w3.org/TR/xhtml1/DTD/xhtml1-transitional.dtd">
<html xmlns="http://www.w3.org/1999/xhtml" xml:lang="en" lang="en">
 <head>
  <title>
</title>
<meta http-equiv="Content-Type" content="text/html;charset=utf-8" />
  <meta name='ocr-system' content='tesseract 3.04.00' />
  <meta name='ocr-capabilities' content='ocr_page ocr_carea ocr_par ocr_line ocrx_word'/>
</head>
<body>
  <div class='ocr_page' id='page_1' title='image "albiitibullicar00unkngoog_0030.png"; bbox 0 0 3009 4725; ppageno 0'>
   <div class='ocr_carea' id='block_1_1' title="bbox 229 381 911 486">
    <p class='ocr_par' dir='ltr' id='par_1_1' title="bbox 229 381 911 486">
     <span class='ocr_line' id='line_1_1' title="bbox 229 381 911 486; baseline 0.004 -12"><span class='ocrx_word' id='word_1_1' title='bbox 229 381 248 474; x_wconf 59' lang='grc' dir='ltr'>ι’1</span> <span class='ocrx_word' id='word_1_2' title='bbox 322 446 398 486; x_wconf 78' lang='lat' dir='ltr'>xm</span> <span class='ocrx_word' id='word_1_3' title='bbox 730 403 788 480; x_wconf 72' lang='lat' dir='ltr'>DE</span> <span class='ocrx_word' id='word_1_4' title='bbox 810 415 911 478; x_wconf 79' lang='lat' dir='ltr'>VITA</span> 
     </span>
    </p>
   </div>
   <div class='ocr_carea' id='block_1_2' title="bbox 274 560 1422 3646">
    <p class='ocr_par' dir='ltr' id='par_1_2' title="bbox 274 560 1422 3646">
     <span class='ocr_line' id='line_1_2' title="bbox 325 560 1343 684; baseline -0.008 -23"><span class='ocrx_word' id='word_1_5' title='bbox 325 560 483 661; x_wconf 77' lang='lat' dir='ltr'>iervitium</span> <span class='ocrx_word' id='word_1_6' title='bbox 508 591 635 684; x_wconf 54' lang='lat' dir='ltr'>d&#39;q&#39;tur,</span> <span class='ocrx_word' id='word_1_7' title='bbox 664 601 700 651; x_wconf 90' lang='lat' dir='ltr'>ut</span> <span class='ocrx_word' id='word_1_8' title='bbox 721 589 774 652; x_wconf 88' lang='lat' dir='ltr'>hic</span> <span class='ocrx_word' id='word_1_9' title='bbox 795 575 830 652; x_wconf 83' lang='lat' dir='ltr'>lit</span> <span class='ocrx_word' id='word_1_10' title='bbox 851 591 884 650; x_wconf 90' lang='lat' dir='ltr'>in</span> <span class='ocrx_word' id='word_1_11' title='bbox 909 587 1006 653; x_wconf 75' lang='lat' dir='ltr'>exitu.</span> <span class='ocrx_word' id='word_1_12' title='bbox 1047 589 1112 654; x_wconf 89' lang='lat' dir='ltr'>Nec</span> <span class='ocrx_word' id='word_1_13' title='bbox 1134 613 1192 673; x_wconf 91' lang='lat' dir='ltr'>pro</span> <span class='ocrx_word' id='word_1_14' title='bbox 1213 590 1343 656; x_wconf 84' lang='lat' dir='ltr'>Nemasi</span> 
     </span>
     <span class='ocr_line' id='line_1_3' title="bbox 324 704 1342 792; baseline -0.004 -19"><span class='ocrx_word' id='word_1_15' title='bbox 324 716 405 774; x_wconf 78' lang='lat' dir='ltr'>hauc</span> <span class='ocrx_word' id='word_1_16' title='bbox 429 708 567 792; x_wconf 85' lang='lat' dir='ltr'>puellam</span> <span class='ocrx_word' id='word_1_17' title='bbox 589 705 707 780; x_wconf 83' lang='lat' dir='ltr'>habeo,</span> <span class='ocrx_word' id='word_1_18' title='bbox 741 723 812 768; x_wconf 87' lang='lat' dir='ltr'>cum</span> <span class='ocrx_word' id='word_1_19' title='bbox 834 704 938 765; x_wconf 79' lang='lat' dir='ltr'>statius</span> <span class='ocrx_word' id='word_1_20' title='bbox 959 705 1095 784; x_wconf 88' lang='lat' dir='ltr'>primum</span> <span class='ocrx_word' id='word_1_21' title='bbox 1117 706 1270 769; x_wconf 83' lang='lat' dir='ltr'>distichoa</span> <span class='ocrx_word' id='word_1_22' title='bbox 1291 729 1342 769; x_wconf 82' lang='lat' dir='ltr'>ar·</span> 
     </span>
     <span class='ocr_line' id='line_1_4' title="bbox 274 808 1343 906; baseline -0.006 -17"><span class='ocrx_word' id='word_1_23' title='bbox 274 808 282 822; x_wconf 40' lang='lat'>⁸</span> <span class='ocrx_word' id='word_1_24' title='bbox 326 827 405 889; x_wconf 89' lang='lat' dir='ltr'>etius</span> <span class='ocrx_word' id='word_1_25' title='bbox 430 820 540 906; x_wconf 79' lang='lat' dir='ltr'>foedus</span> <span class='ocrx_word' id='word_1_26' title='bbox 560 817 691 896; x_wconf 85' lang='lat' dir='ltr'>iudicet,</span> <span class='ocrx_word' id='word_1_27' title='bbox 721 818 777 880; x_wconf 91' lang='lat' dir='ltr'>ubi</span> <span class='ocrx_word' id='word_1_28' title='bbox 801 816 893 881; x_wconf 83' lang='lat' dir='ltr'>fidem</span> <span class='ocrx_word' id='word_1_29' title='bbox 916 820 977 880; x_wconf 88' lang='lat' dir='ltr'>sibi</span> <span class='ocrx_word' id='word_1_30' title='bbox 1002 821 1182 885; x_wconf 85' lang='lat' dir='ltr'>iuraverant</span> <span class='ocrx_word' id='word_1_31' title='bbox 1203 833 1343 884; x_wconf 84' lang='lat' dir='ltr'>amantes</span> 
     </span>
     <span class='ocr_line' id='line_1_5' title="bbox 325 931 1344 1020; baseline 0.001 -23"><span class='ocrx_word' id='word_1_32' title='bbox 325 946 523 1020; x_wconf 75' lang='lat' dir='ltr'>perpetuam:</span> <span class='ocrx_word' id='word_1_33' title='bbox 555 931 665 998; x_wconf 89' lang='lat' dir='ltr'>monui</span> <span class='ocrx_word' id='word_1_34' title='bbox 691 931 754 993; x_wconf 88' lang='lat' dir='ltr'>iam</span> <span class='ocrx_word' id='word_1_35' title='bbox 781 952 878 1012; x_wconf 85' lang='lat' dir='ltr'>supra</span> <span class='ocrx_word' id='word_1_36' title='bbox 908 933 968 996; x_wconf 92' lang='lat' dir='ltr'>hoc</span> <span class='ocrx_word' id='word_1_37' title='bbox 997 932 1180 998; x_wconf 67' lang='lat' dir='ltr'>alienuma</span> <span class='ocrx_word' id='word_1_38' title='bbox 1201 935 1344 998; x_wconf 86' lang='lat' dir='ltr'>Nemesis</span> 
     </span>
     <span class='ocr_line' id='line_1_6' title="bbox 327 1043 1362 1136; baseline -0.003 -20"><span class='ocrx_word' id='word_1_39' title='bbox 327 1073 448 1130; x_wconf 82' lang='lat' dir='ltr'>autore,</span> <span class='ocrx_word' id='word_1_40' title='bbox 470 1062 502 1114; x_wconf 82' lang='lat' dir='ltr'>at</span> <span class='ocrx_word' id='word_1_41' title='bbox 519 1051 600 1112; x_wconf 87' lang='lat' dir='ltr'>bcne</span> <span class='ocrx_word' id='word_1_42' title='bbox 621 1047 768 1111; x_wconf 79' lang='lat' dir='ltr'>convenit</span> <span class='ocrx_word' id='word_1_43' title='bbox 786 1048 914 1110; x_wconf 85' lang='lat' dir='ltr'>Horatii</span> <span class='ocrx_word' id='word_1_44' title='bbox 933 1050 1047 1130; x_wconf 85' lang='lat' dir='ltr'>verbis,</span> <span class='ocrx_word' id='word_1_45' title='bbox 1071 1051 1248 1115; x_wconf 83' lang='lat' dir='ltr'>secundum·</span> <span class='ocrx_word' id='word_1_46' title='bbox 1262 1043 1362 1136; x_wconf 87' lang='lat' dir='ltr'>quae¹</span> 
     </span>
     <span class='ocr_line' id='line_1_7' title="bbox 325 1160 1343 1251; baseline -0.004 -17"><span class='ocrx_word' id='word_1_47' title='bbox 325 1180 436 1251; x_wconf 86' lang='lat' dir='ltr'>postea</span> <span class='ocrx_word' id='word_1_48' title='bbox 457 1167 572 1229; x_wconf 83' lang='lat' dir='ltr'>lassam</span> <span class='ocrx_word' id='word_1_49' title='bbox 599 1160 692 1226; x_wconf 87' lang='lat' dir='ltr'>fidem</span> <span class='ocrx_word' id='word_1_50' title='bbox 716 1165 908 1247; x_wconf 80' lang='lat' dir='ltr'>querebatur</span> <span class='ocrx_word' id='word_1_51' title='bbox 934 1165 1096 1245; x_wconf 73' lang='lat' dir='ltr'>Tibullus,</span> <span class='ocrx_word' id='word_1_52' title='bbox 1127 1182 1162 1231; x_wconf 92' lang='lat' dir='ltr'>ut</span> <span class='ocrx_word' id='word_1_53' title='bbox 1188 1168 1343 1232; x_wconf 89' lang='lat' dir='ltr'>hocloco</span> 
     </span>
     <span class='ocr_line' id='line_1_8' title="bbox 325 1265 1344 1366; baseline 0 -20"><span class='ocrx_word' id='word_1_54' title='bbox 325 1284 449 1366; x_wconf 86' lang='lat' dir='ltr'>puellas</span> <span class='ocrx_word' id='word_1_55' title='bbox 469 1278 625 1342; x_wconf 73' lang='lat' dir='ltr'><strong>dubitanti</strong></span> <span class='ocrx_word' id='word_1_56' title='bbox 647 1298 736 1342; x_wconf 83' lang='lat' dir='ltr'>suam</span> <span class='ocrx_word' id='word_1_57' title='bbox 757 1277 850 1343; x_wconf 77' lang='lat' dir='ltr'>fidem</span> <span class='ocrx_word' id='word_1_58' title='bbox 871 1281 1011 1344; x_wconf 81' lang='lat' dir='ltr'>illaesam</span> <span class='ocrx_word' id='word_1_59' title='bbox 1041 1265 1183 1346; x_wconf 81' lang='lat' dir='ltr'>affirmat.</span> <span class='ocrx_word' id='word_1_60' title='bbox 1233 1284 1344 1347; x_wconf 84' lang='lat' dir='ltr'>Plures</span> 
     </span>
     <span class='ocr_line' id='line_1_9' title="bbox 328 1393 1344 1481; baseline -0.001 -19"><span class='ocrx_word' id='word_1_61' title='bbox 328 1410 430 1462; x_wconf 87' lang='lat' dir='ltr'>autem</span> <span class='ocrx_word' id='word_1_62' title='bbox 455 1406 570 1460; x_wconf 86' lang='lat' dir='ltr'>amatas</span> <span class='ocrx_word' id='word_1_63' title='bbox 591 1393 710 1457; x_wconf 85' lang='lat' dir='ltr'><strong>Tibulli</strong></span> <span class='ocrx_word' id='word_1_64' title='bbox 730 1413 796 1455; x_wconf 89' lang='lat' dir='ltr'>non</span> <span class='ocrx_word' id='word_1_65' title='bbox 812 1397 977 1475; x_wconf 82' lang='lat' dir='ltr'>novimus,</span> <span class='ocrx_word' id='word_1_66' title='bbox 1006 1411 1036 1460; x_wconf 89' lang='lat' dir='ltr'>et</span> <span class='ocrx_word' id='word_1_67' title='bbox 1056 1417 1209 1479; x_wconf 77' lang='lat' dir='ltr'><strong>provoces</strong></span> <span class='ocrx_word' id='word_1_68' title='bbox 1230 1421 1344 1481; x_wconf 83' lang='lat' dir='ltr'>perpe·</span> 
     </span>
     <span class='ocr_line' id='line_1_10' title="bbox 327 1509 1344 1594; baseline -0.001 -16"><span class='ocrx_word' id='word_1_69' title='bbox 327 1535 395 1578; x_wconf 84' lang='lat' dir='ltr'>ram</span> <span class='ocrx_word' id='word_1_70' title='bbox 416 1509 456 1576; x_wconf 86' lang='lat' dir='ltr'>ad</span> <span class='ocrx_word' id='word_1_71' title='bbox 476 1513 501 1592; x_wconf 89' lang='lat' dir='ltr'>l,</span> <span class='ocrx_word' id='word_1_72' title='bbox 516 1519 546 1591; x_wconf 80' lang='lat'>5,</span> <span class='ocrx_word' id='word_1_73' title='bbox 563 1516 623 1575; x_wconf 80' lang='lat'>39:</span> <span class='ocrx_word' id='word_1_74' title='bbox 639 1512 736 1594; x_wconf 80' lang='lat' dir='ltr'><em>Saepe</em></span> <span class='ocrx_word' id='word_1_75' title='bbox 756 1512 845 1572; x_wconf 84' lang='lat' dir='ltr'>oliam</span> <span class='ocrx_word' id='word_1_76' title='bbox 862 1519 953 1590; x_wconf 75' lang='grc' dir='ltr'>ιιιιιιί,</span> <span class='ocrx_word' id='word_1_77' title='bbox 978 1513 1033 1576; x_wconf 91' lang='lat' dir='ltr'>ubi</span> <span class='ocrx_word' id='word_1_78' title='bbox 1051 1514 1178 1578; x_wconf 84' lang='lat' dir='ltr'>minime</span> <span class='ocrx_word' id='word_1_79' title='bbox 1198 1514 1237 1576; x_wconf 84' lang='lat' dir='ltr'>tle</span> <span class='ocrx_word' id='word_1_80' title='bbox 1258 1537 1344 1577; x_wconf 84' lang='lat' dir='ltr'>ama·</span> 
     </span>
     <span class='ocr_line' id='line_1_11' title="bbox 327 1620 1342 1712; baseline 0.003 -22"><span class='ocrx_word' id='word_1_81' title='bbox 327 1631 367 1690; x_wconf 87' lang='lat' dir='ltr'>tis</span> <span class='ocrx_word' id='word_1_82' title='bbox 387 1627 499 1709; x_wconf 85' lang='lat' dir='ltr'>puellis</span> <span class='ocrx_word' id='word_1_83' title='bbox 521 1624 638 1705; x_wconf 79' lang='lat' dir='ltr'>agitur,</span> <span class='ocrx_word' id='word_1_84' title='bbox 661 1620 716 1687; x_wconf 82' lang='lat' dir='ltr'>sed</span> <span class='ocrx_word' id='word_1_85' title='bbox 738 1621 777 1685; x_wconf 85' lang='lat' dir='ltr'>de</span> <span class='ocrx_word' id='word_1_86' title='bbox 797 1625 912 1688; x_wconf 80' lang='lat' dir='ltr'>vilibus</span> <span class='ocrx_word' id='word_1_87' title='bbox 934 1627 1162 1706; x_wconf 70' lang='lat' dir='ltr'>meretricibus,</span> <span class='ocrx_word' id='word_1_88' title='bbox 1183 1649 1261 1712; x_wconf 85' lang='lat' dir='ltr'>qaas</span> <span class='ocrx_word' id='word_1_89' title='bbox 1281 1631 1342 1693; x_wconf 90' lang='lat' dir='ltr'>isto</span> 
     </span>
     <span class='ocr_line' id='line_1_12' title="bbox 278 1738 1344 1828; baseline 0.004 -23"><span class='ocrx_word' id='word_1_90' title='bbox 278 1741 280 1746; x_wconf 75' lang='grc'>’</span> <span class='ocrx_word' id='word_1_91' title='bbox 326 1757 467 1825; x_wconf 84' lang='lat' dir='ltr'>tempore</span> <span class='ocrx_word' id='word_1_92' title='bbox 486 1738 592 1804; x_wconf 86' lang='lat' dir='ltr'>adibat</span> <span class='ocrx_word' id='word_1_93' title='bbox 609 1741 765 1822; x_wconf 76' lang='lat' dir='ltr'>ingentem</span> <span class='ocrx_word' id='word_1_94' title='bbox 785 1739 926 1805; x_wconf 86' lang='lat' dir='ltr'>dolorem</span> <span class='ocrx_word' id='word_1_95' title='bbox 943 1742 1053 1806; x_wconf 85' lang='lat' dir='ltr'>Deliae</span> <span class='ocrx_word' id='word_1_96' title='bbox 1074 1746 1203 1810; x_wconf 71' lang='lat' dir='ltr'>amissoe</span> <span class='ocrx_word' id='word_1_97' title='bbox 1221 1765 1344 1828; x_wconf 76' lang='lat' dir='ltr'>reptes·</span> 
     </span>
     <span class='ocr_line' id='line_1_13' title="bbox 327 1855 1021 1942; baseline 0 -23"><span class='ocrx_word' id='word_1_98' title='bbox 327 1876 429 1919; x_wconf 79' lang='lat' dir='ltr'>smus.</span> <span class='ocrx_word' id='word_1_99' title='bbox 471 1856 575 1938; x_wconf 80' lang='lat' dir='ltr'>Atque</span> <span class='ocrx_word' id='word_1_100' title='bbox 598 1855 676 1918; x_wconf 89' lang='lat' dir='ltr'>haec</span> <span class='ocrx_word' id='word_1_101' title='bbox 694 1855 855 1920; x_wconf 86' lang='lat' dir='ltr'>hactenus.</span> <span class='ocrx_word' id='word_1_102' title='bbox 874 1890 918 1903; x_wconf 93' lang='lat'><strong>—</strong></span> <span class='ocrx_word' id='word_1_103' title='bbox 1019 1940 1021 1942; x_wconf 12' lang='grc' dir='ltr'><strong><em>ι</em></strong></span> 
     </span>
     <span class='ocr_line' id='line_1_14' title="bbox 342 1969 1344 2052; baseline -0.001 -18"><span class='ocrx_word' id='word_1_104' title='bbox 342 2017 347 2024; x_wconf 76' lang='lat'><strong>·</strong></span> <span class='ocrx_word' id='word_1_105' title='bbox 410 1972 488 2034; x_wconf 86' lang='lat' dir='ltr'>Post</span> <span class='ocrx_word' id='word_1_106' title='bbox 511 1969 676 2052; x_wconf 85' lang='lat' dir='ltr'>Glyceram</span> <span class='ocrx_word' id='word_1_107' title='bbox 700 1984 834 2034; x_wconf 86' lang='lat' dir='ltr'>amatam</span> <span class='ocrx_word' id='word_1_108' title='bbox 858 1994 928 2036; x_wconf 89' lang='lat' dir='ltr'>cum</span> <span class='ocrx_word' id='word_1_109' title='bbox 952 1975 1067 2038; x_wconf 88' lang='lat' dir='ltr'>iterum</span> <span class='ocrx_word' id='word_1_110' title='bbox 1087 1986 1210 2039; x_wconf 83' lang='lat' dir='ltr'>vacarat</span> <span class='ocrx_word' id='word_1_111' title='bbox 1238 1992 1344 2035; x_wconf 87' lang='lat' dir='ltr'>amore</span> 
     </span>
     <span class='ocr_line' id='line_1_15' title="bbox 327 2079 1345 2166; baseline 0.002 -20"><span class='ocrx_word' id='word_1_112' title='bbox 327 2079 488 2160; x_wconf 76' lang='lat' dir='ltr'>Tibullus,</span> <span class='ocrx_word' id='word_1_113' title='bbox 522 2103 589 2146; x_wconf 88' lang='lat' dir='ltr'>non</span> <span class='ocrx_word' id='word_1_114' title='bbox 615 2083 722 2166; x_wconf 85' lang='lat' dir='ltr'>inepta</span> <span class='ocrx_word' id='word_1_115' title='bbox 750 2087 915 2165; x_wconf 80' lang='lat' dir='ltr'>suspicaris</span> <span class='ocrx_word' id='word_1_116' title='bbox 943 2089 1056 2165; x_wconf 82' lang='lat' dir='ltr'>scripta</span> <span class='ocrx_word' id='word_1_117' title='bbox 1087 2089 1127 2146; x_wconf 82' lang='lat' dir='ltr'>ab</span> <span class='ocrx_word' id='word_1_118' title='bbox 1156 2106 1195 2147; x_wconf 86' lang='lat' dir='ltr'>eo</span> <span class='ocrx_word' id='word_1_119' title='bbox 1216 2087 1345 2163; x_wconf 64' lang='lat' dir='ltr'>Elegidia</span> 
     </span>
     <span class='ocr_line' id='line_1_16' title="bbox 326 2194 1343 2281; baseline 0.001 -23"><span class='ocrx_word' id='word_1_120' title='bbox 326 2200 392 2261; x_wconf 77' lang='lat' dir='ltr'>libri</span> <span class='ocrx_word' id='word_1_121' title='bbox 408 2202 518 2281; x_wconf 79' lang='lat' dir='ltr'>quarti,</span> <span class='ocrx_word' id='word_1_122' title='bbox 550 2196 606 2260; x_wconf 90' lang='lat' dir='ltr'>ubi</span> <span class='ocrx_word' id='word_1_123' title='bbox 626 2195 781 2276; x_wconf 79' lang='lat' dir='ltr'>Sulpiciae</span> <span class='ocrx_word' id='word_1_124' title='bbox 805 2207 836 2255; x_wconf 91' lang='lat' dir='ltr'>et</span> <span class='ocrx_word' id='word_1_125' title='bbox 857 2194 999 2256; x_wconf 87' lang='lat' dir='ltr'>Gerintbi</span> <span class='ocrx_word' id='word_1_126' title='bbox 1019 2215 1142 2258; x_wconf 85' lang='lat' dir='ltr'>amores</span> <span class='ocrx_word' id='word_1_127' title='bbox 1170 2196 1343 2278; x_wconf 78' lang='lat' dir='ltr'>depingun-</span> 
     </span>
     <span class='ocr_line' id='line_1_17' title="bbox 326 2304 1343 2388; baseline 0 -13"><span class='ocrx_word' id='word_1_128' title='bbox 326 2326 388 2377; x_wconf 84' lang='lat' dir='ltr'>tur.</span> <span class='ocrx_word' id='word_1_129' title='bbox 429 2311 514 2374; x_wconf 86' lang='lat' dir='ltr'>Haec</span> <span class='ocrx_word' id='word_1_130' title='bbox 531 2310 614 2373; x_wconf 87' lang='lat' dir='ltr'>enim</span> <span class='ocrx_word' id='word_1_131' title='bbox 634 2322 697 2372; x_wconf 88' lang='lat' dir='ltr'>tam</span> <span class='ocrx_word' id='word_1_132' title='bbox 716 2305 847 2387; x_wconf 84' lang='lat' dir='ltr'>pulchra</span> <span class='ocrx_word' id='word_1_133' title='bbox 870 2317 952 2382; x_wconf 86' lang='lat' dir='ltr'>sunt,</span> <span class='ocrx_word' id='word_1_134' title='bbox 976 2304 1239 2388; x_wconf 78' lang='lat' dir='ltr'>quemadmodum</span> <span class='ocrx_word' id='word_1_135' title='bbox 1259 2311 1343 2376; x_wconf 80' lang='lat' dir='ltr'>inira</span> 
     </span>
     <span class='ocr_line' id='line_1_18' title="bbox 326 2418 1343 2506; baseline 0 -17"><span class='ocrx_word' id='word_1_136' title='bbox 326 2425 464 2506; x_wconf 83' lang='lat' dir='ltr'>videbis,</span> <span class='ocrx_word' id='word_1_137' title='bbox 490 2438 526 2488; x_wconf 88' lang='lat' dir='ltr'>ut</span> <span class='ocrx_word' id='word_1_138' title='bbox 546 2424 574 2486; x_wconf 84' lang='lat' dir='ltr'>si</span> <span class='ocrx_word' id='word_1_139' title='bbox 594 2441 658 2484; x_wconf 88' lang='grc' dir='ltr'>ιιοιι</span> <span class='ocrx_word' id='word_1_140' title='bbox 681 2419 835 2483; x_wconf 87' lang='lat' dir='ltr'>haberent</span> <span class='ocrx_word' id='word_1_141' title='bbox 859 2418 1019 2479; x_wconf 84' lang='lat' dir='ltr'>Tibullum</span> <span class='ocrx_word' id='word_1_142' title='bbox 1041 2433 1217 2504; x_wconf 83' lang='lat' dir='ltr'>auctorem,</span> <span class='ocrx_word' id='word_1_143' title='bbox 1246 2428 1343 2489; x_wconf 77' lang='lat' dir='ltr'>atium</span> 
     </span>
     <span class='ocr_line' id='line_1_19' title="bbox 326 2524 1422 2621; baseline -0.005 -13"><span class='ocrx_word' id='word_1_144' title='bbox 326 2565 451 2607; x_wconf 82' lang='lat' dir='ltr'>necasse</span> <span class='ocrx_word' id='word_1_145' title='bbox 473 2552 552 2603; x_wconf 83' lang='lat' dir='ltr'>esset</span> <span class='ocrx_word' id='word_1_146' title='bbox 571 2547 707 2599; x_wconf 87' lang='lat' dir='ltr'>statuere</span> <span class='ocrx_word' id='word_1_147' title='bbox 727 2546 796 2595; x_wconf 86' lang='lat' dir='ltr'>tum</span> <span class='ocrx_word' id='word_1_148' title='bbox 814 2532 929 2595; x_wconf 76' lang='lat' dir='ltr'>vixisse</span> <span class='ocrx_word' id='word_1_149' title='bbox 950 2534 1068 2615; x_wconf 82' lang='lat' dir='ltr'>paritor</span> <span class='ocrx_word' id='word_1_150' title='bbox 1088 2540 1245 2619; x_wconf 77' lang='lat' dir='ltr'>egregium</span> <span class='ocrx_word' id='word_1_151' title='bbox 1266 2560 1344 2621; x_wconf 87' lang='lat' dir='ltr'>poe·</span> <span class='ocrx_word' id='word_1_152' title='bbox 1419 2524 1422 2530; x_wconf 60' lang='grc'><strong>’</strong></span> 
     </span>
     <span class='ocr_line' id='line_1_20' title="bbox 325 2636 1343 2731; baseline -0.003 -12"><span class='ocrx_word' id='word_1_153' title='bbox 325 2670 389 2718; x_wconf 87' lang='lat' dir='ltr'>tam</span> <span class='ocrx_word' id='word_1_154' title='bbox 424 2648 619 2731; x_wconf 83' lang='lat' dir='ltr'>eundemque</span> <span class='ocrx_word' id='word_1_155' title='bbox 649 2647 778 2710; x_wconf 89' lang='lat' dir='ltr'>Tibullo</span> <span class='ocrx_word' id='word_1_156' title='bbox 809 2645 1012 2711; x_wconf 82' lang='lat' dir='ltr'>simillimum.</span> <span class='ocrx_word' id='word_1_157' title='bbox 1064 2636 1163 2714; x_wconf 82' lang='lat' dir='ltr'>Immo</span> <span class='ocrx_word' id='word_1_158' title='bbox 1198 2653 1343 2716; x_wconf 87' lang='lat' dir='ltr'>Tibullus</span> 
     </span>
     <span class='ocr_line' id='line_1_21' title="bbox 324 2761 1345 2849; baseline 0.002 -20"><span class='ocrx_word' id='word_1_159' title='bbox 324 2766 454 2847; x_wconf 87' lang='lat' dir='ltr'>scripsit,</span> <span class='ocrx_word' id='word_1_160' title='bbox 475 2775 511 2827; x_wconf 92' lang='lat' dir='ltr'>ut</span> <span class='ocrx_word' id='word_1_161' title='bbox 533 2763 783 2847; x_wconf 76' lang='lat' dir='ltr'>completisque</span> <span class='ocrx_word' id='word_1_162' title='bbox 804 2762 880 2826; x_wconf 81' lang='lat' dir='ltr'>viris</span> <span class='ocrx_word' id='word_1_163' title='bbox 900 2761 1000 2827; x_wconf 83' lang='lat' dir='ltr'>doctis</span> <span class='ocrx_word' id='word_1_164' title='bbox 1019 2761 1141 2830; x_wconf 77' lang='lat' dir='ltr'>iudico:</span> <span class='ocrx_word' id='word_1_165' title='bbox 1163 2769 1253 2849; x_wconf 84' lang='lat' dir='ltr'>copis</span> <span class='ocrx_word' id='word_1_166' title='bbox 1272 2788 1345 2831; x_wconf 88' lang='lat' dir='ltr'>sen·</span> 
     </span>
     <span class='ocr_line' id='line_1_22' title="bbox 324 2863 1344 2964; baseline 0.004 -20"><span class='ocrx_word' id='word_1_167' title='bbox 324 2881 491 2945; x_wconf 73' lang='lat' dir='ltr'>teatinum</span> <span class='ocrx_word' id='word_1_168' title='bbox 507 2881 601 2964; x_wconf 80' lang='lat' dir='ltr'>plasta</span> <span class='ocrx_word' id='word_1_169' title='bbox 618 2874 851 2945; x_wconf 86' lang='lat' dir='ltr'>accommodata</span> <span class='ocrx_word' id='word_1_170' title='bbox 867 2863 1075 2957; x_wconf 77' lang='lat' dir='ltr'>magnitudini</span> <span class='ocrx_word' id='word_1_171' title='bbox 1093 2885 1274 2962; x_wconf 81' lang='lat' dir='ltr'>carminum,</span> <span class='ocrx_word' id='word_1_172' title='bbox 1296 2885 1344 2947; x_wconf 78' lang='lat' dir='ltr'>vis</span> 
     </span>
     <span class='ocr_line' id='line_1_23' title="bbox 323 2992 1343 3081; baseline -0.003 -19"><span class='ocrx_word' id='word_1_173' title='bbox 323 2998 431 3081; x_wconf 90' lang='lat' dir='ltr'>paullo</span> <span class='ocrx_word' id='word_1_174' title='bbox 452 2997 558 3062; x_wconf 85' lang='lat' dir='ltr'>minor</span> <span class='ocrx_word' id='word_1_175' title='bbox 585 3016 680 3079; x_wconf 88' lang='lat' dir='ltr'>quam</span> <span class='ocrx_word' id='word_1_176' title='bbox 709 2994 764 3055; x_wconf 90' lang='lat' dir='ltr'>ubi</span> <span class='ocrx_word' id='word_1_177' title='bbox 788 3010 862 3053; x_wconf 85' lang='lat' dir='ltr'>suos</span> <span class='ocrx_word' id='word_1_178' title='bbox 889 2992 987 3072; x_wconf 85' lang='lat' dir='ltr'>ipsius</span> <span class='ocrx_word' id='word_1_179' title='bbox 1010 3012 1132 3055; x_wconf 85' lang='lat' dir='ltr'>amores</span> <span class='ocrx_word' id='word_1_180' title='bbox 1160 2999 1259 3072; x_wconf 88' lang='lat' dir='ltr'>canit,</span> <span class='ocrx_word' id='word_1_181' title='bbox 1288 2996 1343 3059; x_wconf 86' lang='lat' dir='ltr'>ssd</span> 
     </span>
     <span class='ocr_line' id='line_1_24' title="bbox 324 3105 1343 3188; baseline -0.001 -15"><span class='ocrx_word' id='word_1_182' title='bbox 324 3112 397 3174; x_wconf 81' lang='lat' dir='ltr'>satis</span> <span class='ocrx_word' id='word_1_183' title='bbox 424 3128 558 3171; x_wconf 79' lang='lat' dir='ltr'>nervosa</span> <span class='ocrx_word' id='word_1_184' title='bbox 590 3118 624 3166; x_wconf 87' lang='lat' dir='ltr'>et</span> <span class='ocrx_word' id='word_1_185' title='bbox 652 3113 835 3183; x_wconf 77' lang='lat' dir='ltr'>argumento</span> <span class='ocrx_word' id='word_1_186' title='bbox 869 3115 958 3183; x_wconf 89' lang='lat' dir='ltr'>apta,</span> <span class='ocrx_word' id='word_1_187' title='bbox 993 3105 1176 3186; x_wconf 80' lang='lat' dir='ltr'>compositio</span> <span class='ocrx_word' id='word_1_188' title='bbox 1207 3110 1343 3188; x_wconf 85' lang='lat' dir='ltr'>partium</span> 
     </span>
     <span class='ocr_line' id='line_1_25' title="bbox 322 3214 1342 3305; baseline 0.003 -23"><span class='ocrx_word' id='word_1_189' title='bbox 322 3221 549 3305; x_wconf 75' lang='lat' dir='ltr'>pulcherrima,</span> <span class='ocrx_word' id='word_1_190' title='bbox 567 3214 664 3280; x_wconf 83' lang='lat' dir='ltr'>dictio</span> <span class='ocrx_word' id='word_1_191' title='bbox 686 3218 884 3281; x_wconf 85' lang='lat' dir='ltr'>Tibullianae</span> <span class='ocrx_word' id='word_1_192' title='bbox 908 3218 1074 3281; x_wconf 87' lang='lat' dir='ltr'>simillima.</span> <span class='ocrx_word' id='word_1_193' title='bbox 1117 3220 1173 3282; x_wconf 87' lang='lat' dir='ltr'>Bis</span> <span class='ocrx_word' id='word_1_194' title='bbox 1194 3232 1342 3302; x_wconf 81' lang='lat' dir='ltr'>expertus</span> 
     </span>
     <span class='ocr_line' id='line_1_26' title="bbox 322 3328 1342 3417; baseline 0.003 -23"><span class='ocrx_word' id='word_1_195' title='bbox 322 3328 484 3417; x_wconf 79' lang='lat' dir='ltr'>perfidiam</span> <span class='ocrx_word' id='word_1_196' title='bbox 505 3330 680 3412; x_wconf 75' lang='lat' dir='ltr'>puellarum</span> <span class='ocrx_word' id='word_1_197' title='bbox 697 3330 834 3409; x_wconf 78' lang='lat' dir='ltr'>leuium,</span> <span class='ocrx_word' id='word_1_198' title='bbox 860 3352 943 3394; x_wconf 89' lang='lat' dir='ltr'>nunc</span> <span class='ocrx_word' id='word_1_199' title='bbox 965 3343 1045 3394; x_wconf 84' lang='lat' dir='ltr'>vere</span> <span class='ocrx_word' id='word_1_200' title='bbox 1063 3333 1197 3405; x_wconf 84' lang='lat' dir='ltr'>amantis</span> <span class='ocrx_word' id='word_1_201' title='bbox 1219 3336 1342 3416; x_wconf 88' lang='lat' dir='ltr'>puellae</span> 
     </span>
     <span class='ocr_line' id='line_1_27' title="bbox 322 3441 1342 3512; baseline 0.005 -5"><span class='ocrx_word' id='word_1_202' title='bbox 322 3442 466 3507; x_wconf 84' lang='lat' dir='ltr'>sensibus</span> <span class='ocrx_word' id='word_1_203' title='bbox 484 3441 707 3505; x_wconf 84' lang='lat' dir='ltr'>adumbrandis</span> <span class='ocrx_word' id='word_1_204' title='bbox 725 3443 865 3506; x_wconf 86' lang='lat' dir='ltr'>animum</span> <span class='ocrx_word' id='word_1_205' title='bbox 880 3457 1009 3507; x_wconf 86' lang='lat' dir='ltr'>recreat.</span> <span class='ocrx_word' id='word_1_206' title='bbox 1051 3446 1118 3510; x_wconf 85' lang='lat' dir='ltr'>Nec</span> <span class='ocrx_word' id='word_1_207' title='bbox 1139 3445 1250 3512; x_wconf 88' lang='lat' dir='ltr'>dubito</span> <span class='ocrx_word' id='word_1_208' title='bbox 1271 3471 1342 3512; x_wconf 88' lang='lat' dir='ltr'>cum</span> 
     </span>
     <span class='ocr_line' id='line_1_28' title="bbox 321 3557 1393 3646; baseline 0.006 -25"><span class='ocrx_word' id='word_1_209' title='bbox 321 3558 438 3621; x_wconf 83' lang='lat' dir='ltr'>Vossio</span> <span class='ocrx_word' id='word_1_210' title='bbox 459 3557 604 3641; x_wconf 78' lang='lat' dir='ltr'>epistolas</span> <span class='ocrx_word' id='word_1_211' title='bbox 627 3558 803 3635; x_wconf 80' lang='lat' dir='ltr'>amatorias,</span> <span class='ocrx_word' id='word_1_212' title='bbox 826 3581 906 3641; x_wconf 86' lang='lat' dir='ltr'>quae</span> <span class='ocrx_word' id='word_1_213' title='bbox 928 3563 962 3622; x_wconf 88' lang='lat' dir='ltr'>in</span> <span class='ocrx_word' id='word_1_214' title='bbox 981 3563 1055 3624; x_wconf 84' lang='lat' dir='ltr'>Vita</span> <span class='ocrx_word' id='word_1_215' title='bbox 1076 3564 1205 3646; x_wconf 89' lang='lat' dir='ltr'>antiqua</span> <span class='ocrx_word' id='word_1_216' title='bbox 1218 3566 1393 3626; x_wconf 86' lang='lat' dir='ltr'>Tibulli</span> 
     </span>
    </p>
   </div>
   <div class='ocr_carea' id='block_1_3' title="bbox 320 3668 1396 3871">
    <p class='ocr_par' dir='ltr' id='par_1_3' title="bbox 320 3668 1396 3871">
     <span class='ocr_line' id='line_1_29' title="bbox 321 3668 1341 3752; baseline 0.002 -15"><span class='ocrx_word' id='word_1_217' title='bbox 321 3668 499 3749; x_wconf 77' lang='lat' dir='ltr'>laudantur,</span> <span class='ocrx_word' id='word_1_218' title='bbox 518 3670 606 3732; x_wconf 89' lang='lat' dir='ltr'>has</span> <span class='ocrx_word' id='word_1_219' title='bbox 594 3690 679 3752; x_wconf 75' lang='lat' dir='ltr'>ipsas</span> <span class='ocrx_word' id='word_1_220' title='bbox 700 3672 812 3750; x_wconf 80' lang='lat' dir='ltr'>elegias</span> <span class='ocrx_word' id='word_1_221' title='bbox 833 3673 972 3752; x_wconf 80' lang='lat' dir='ltr'>intelligi,</span> <span class='ocrx_word' id='word_1_222' title='bbox 994 3686 1029 3737; x_wconf 91' lang='lat' dir='ltr'>ut</span> <span class='ocrx_word' id='word_1_223' title='bbox 1050 3674 1192 3739; x_wconf 87' lang='lat' dir='ltr'>codicum</span> <span class='ocrx_word' id='word_1_224' title='bbox 1212 3676 1341 3740; x_wconf 86' lang='lat' dir='ltr'>Wittia·</span> 
     </span>
     <span class='ocr_line' id='line_1_30' title="bbox 320 3784 1396 3871; baseline 0.006 -24"><span class='ocrx_word' id='word_1_225' title='bbox 320 3784 441 3848; x_wconf 78' lang='lat' dir='ltr'>nusA.</span> <span class='ocrx_word' id='word_1_226' title='bbox 463 3796 640 3848; x_wconf 74' lang='lat' dir='ltr'>constanter</span> <span class='ocrx_word' id='word_1_227' title='bbox 661 3794 781 3846; x_wconf 87' lang='lat' dir='ltr'>tantum</span> <span class='ocrx_word' id='word_1_228' title='bbox 801 3804 867 3845; x_wconf 84' lang='lat' dir='ltr'>uon</span> <span class='ocrx_word' id='word_1_229' title='bbox 888 3804 997 3849; x_wconf 89' lang='lat' dir='ltr'>omnes</span> <span class='ocrx_word' id='word_1_230' title='bbox 1019 3790 1161 3851; x_wconf 83' lang='lat' dir='ltr'>nominat</span> <span class='ocrx_word' id='word_1_231' title='bbox 1185 3790 1340 3871; x_wconf 84' lang='lat' dir='ltr'>epistolas.</span> <span class='ocrx_word' id='word_1_232' title='bbox 1392 3843 1396 3853; x_wconf 94' lang='lat'>.</span> 
     </span>
    </p>
   </div>
   <div class='ocr_carea' id='block_1_4' title="bbox 318 3876 1496 4699">
    <p class='ocr_par' dir='ltr' id='par_1_4' title="bbox 318 3876 1496 4699">
     <span class='ocr_line' id='line_1_31' title="bbox 320 3876 1496 4699; baseline -0.001 -736"><span class='ocrx_word' id='word_1_233' title='bbox 320 3898 387 3963; x_wconf 90' lang='lat' dir='ltr'>Nec</span> <span class='ocrx_word' id='word_1_234' title='bbox 407 3911 535 3966; x_wconf 85' lang='lat' dir='ltr'>movent</span> <span class='ocrx_word' id='word_1_235' title='bbox 556 3920 605 3962; x_wconf 89' lang='lat' dir='ltr'>me</span> <span class='ocrx_word' id='word_1_236' title='bbox 629 3911 665 3965; x_wconf 88' lang='lat' dir='ltr'>ut</span> <span class='ocrx_word' id='word_1_237' title='bbox 692 3900 783 3963; x_wconf 85' lang='lat' dir='ltr'>aliter</span> <span class='ocrx_word' id='word_1_238' title='bbox 810 3900 941 3962; x_wconf 85' lang='lat' dir='ltr'>sentiam</span> <span class='ocrx_word' id='word_1_239' title='bbox 969 3902 1003 3962; x_wconf 88' lang='lat' dir='ltr'>in</span> <span class='ocrx_word' id='word_1_240' title='bbox 1025 3904 1099 3964; x_wconf 89' lang='lat' dir='ltr'>Vita</span> <span class='ocrx_word' id='word_1_241' title='bbox 1123 3901 1241 3963; x_wconf 91' lang='lat' dir='ltr'>Tibulli</span> <span class='ocrx_word' id='word_1_242' title='bbox 1263 3923 1339 3965; x_wconf 86' lang='lat' dir='ltr'>con·</span> <span class='ocrx_word' id='word_1_243' title='bbox 1490 3876 1496 4699; x_wconf 98' lang='grc'><strong>1</strong></span> 
     </span>
     <span class='ocr_line' id='line_1_32' title="bbox 318 4012 1337 4098; baseline -0.005 -21"><span class='ocrx_word' id='word_1_244' title='bbox 318 4015 401 4077; x_wconf 83' lang='lat' dir='ltr'>facta</span> <span class='ocrx_word' id='word_1_245' title='bbox 421 4016 460 4077; x_wconf 91' lang='lat' dir='ltr'>ab</span> <span class='ocrx_word' id='word_1_246' title='bbox 478 4014 675 4098; x_wconf 79' lang='lat' dir='ltr'>Hieronymo</span> <span class='ocrx_word' id='word_1_247' title='bbox 692 4012 915 4091; x_wconf 76' lang='lat' dir='ltr'>Alexandrino,</span> <span class='ocrx_word' id='word_1_248' title='bbox 937 4015 991 4079; x_wconf 87' lang='lat' dir='ltr'>sed</span> <span class='ocrx_word' id='word_1_249' title='bbox 1012 4016 1129 4077; x_wconf 88' lang='lat' dir='ltr'>nultius</span> <span class='ocrx_word' id='word_1_250' title='bbox 1150 4014 1251 4094; x_wconf 85' lang='lat' dir='ltr'>pretii,</span> <span class='ocrx_word' id='word_1_251' title='bbox 1271 4032 1337 4073; x_wconf 88' lang='lat' dir='ltr'>me-</span> 
     </span>
     <span class='ocr_line' id='line_1_33' title="bbox 319 4126 1335 4213; baseline -0.004 -22"><span class='ocrx_word' id='word_1_252' title='bbox 319 4140 456 4206; x_wconf 73' lang='lat' dir='ltr'>moratas</span> <span class='ocrx_word' id='word_1_253' title='bbox 476 4129 626 4213; x_wconf 87' lang='lat' dir='ltr'>epistolae</span> <span class='ocrx_word' id='word_1_254' title='bbox 643 4129 684 4193; x_wconf 86' lang='lat' dir='ltr'>ad</span> <span class='ocrx_word' id='word_1_255' title='bbox 700 4129 868 4196; x_wconf 77' lang='lat' dir='ltr'>familiares</span> <span class='ocrx_word' id='word_1_256' title='bbox 883 4130 1021 4212; x_wconf 80' lang='lat' dir='ltr'>poeticae</span> <span class='ocrx_word' id='word_1_257' title='bbox 1041 4141 1070 4191; x_wconf 88' lang='lat' dir='ltr'>et</span> <span class='ocrx_word' id='word_1_258' title='bbox 1085 4144 1181 4210; x_wconf 86' lang='lat' dir='ltr'>prosa</span> <span class='ocrx_word' id='word_1_259' title='bbox 1193 4126 1335 4208; x_wconf 86' lang='lat' dir='ltr'>scriptae,</span> 
     </span>
    </p>
   </div>
   <div class='ocr_carea' id='block_1_5' title="bbox 0 0 1510 4725">
    <p class='ocr_par' dir='ltr' id='par_1_5' title="bbox 0 0 1510 4725">
     <span class='ocr_line' id='line_1_34' title="bbox 0 0 1510 4725; baseline 0 1"><span class='ocrx_word' id='word_1_260' title='bbox 0 0 1510 4725; x_wconf 95' lang='lat' dir='ltr'> </span> 
     </span>
    </p>
   </div>
  </div>
 </body>
</html>
