3009 4725
580 371 761 438 TIBULLI.
1084 408 1187 451 xxm

146 554 238 614 etiam
259 556 325 616 hoc
349 558 579 633 argumentum
593 566 669 610 mox
687 542 727 611 ad
741 550 862 612 miralia
876 560 1077 622 revocaverit.
1121 563 1183 626 Sed

145 667 314 732 videamus
336 667 477 750 propius
496 663 629 742 sittgula.

231 784 333 861 Igitur
353 779 497 863 primum
519 772 688 860 quomodo
706 771 849 840 describit
870 800 919 842 ros
934 789 966 841 et
981 790 1100 847 resecas
1115 793 1182 850 res?

148 897 226 959 Non
249 900 334 961 canit
352 897 562 978 ‚amoenitates
581 892 736 973 regionis,
767 895 917 956 arborum
939 898 1082 979 usibras,
1108 925 1180 984 pra.

154 1024 264 1073 torum
285 1015 421 1087 colores,
447 1010 589 1072 sontium
609 1028 772 1086 susurrus,
802 1030 906 1092 neque
929 1012 1059 1074 omnino
1081 1014 1179 1096 ipsam

157 1145 218 1203 per
239 1145 272 1188 se
293 1145 399 1187 rerum
417 1133 566 1186 neumam
586 1119 742 1203 depingit,
770 1120 823 1184 sed
844 1125 939 1188 vitam
960 1125 1067 1188 laudat
1087 1133 1180 1192 rusti-

157 1258 227 1300 cam
257 1252 289 1300 et
312 1240 414 1320 prima
442 1249 632 1302 ornamenta
660 1239 743 1302 vitae
773 1260 808 1300 oc
836 1238 948 1318 gaudia
973 1240 1077 1307 debita
1101 1249 1181 1326 ruri,

153 1366 280 1416 etcum
300 1355 334 1415 in
355 1354 434 1416 urbe
455 1353 587 1416 luxuria
608 1352 710 1414 omnis
724 1351 847 1432 generis
863 1367 981 1434 regnet,
1001 1359 1084 1420 ruris
1100 1358 1178 1422 ima-

152 1468 256 1547 ginem
276 1469 364 1549 lingit
385 1467 584 1550 simplicitate
605 1468 742 1551 pulchra
763 1470 903 1532 colorum
923 1473 1096 1552 placentem
1118 1477 1178 1537 mi-

153 1580 248 1658 rifice.
289 1583 387 1661 Rure,
408 1584 462 1659 ait,
481 1582 623 1645 cultioris
644 1580 727 1643 vitae
748 1594 780 1642 et
799 1582 953 1650 felicitatis
973 1585 1177 1651 fundamenta

155 1709 235 1759 orta.
285 1698 344 1762 Hic
372 1698 511 1780 primum
540 1718 629 1759 casae
656 1708 792 1759 structae
821 1710 853 1759 et
874 1699 974 1762 victus
997 1702 1108 1766 melior
1126 1704 1177 1764 in-

160 1825 292 1886 tentus,
317 1815 371 1876 bic
393 1825 473 1877 artes
498 1815 632 1877 musicae
653 1812 688 1874 in
711 1811 843 1876 deorum
861 1813 1017 1877 honorem
1038 1819 1176 1897 primum

156 1938 314 2004 tentatae,
336 1937 369 1989 et
390 1947 497 1994 earum
513 1949 590 2010 quae
608 1926 649 1990 ad
666 1930 786 1994 cultum
806 1941 837 1990 et
857 1942 1003 1992 ornatum
1017 1934 1175 2011 pertinent

146 2042 400 2124 simpliciores„
413 2044 536 2105 coronis
563 2047 664 2108 vernis
695 2042 834 2105 Laribus
863 2043 953 2103 nexis
981 2055 1074 2104 etex
1102 2045 1175 2106 lana

153 2159 260 2220 orium
288 2157 429 2220 vestibus
458 2154 593 2220 femineo
621 2157 731 2221 labem
763 2137 927 2234 confectis}
959 2153 1011 2219 liic
1040 2152 1176 2239 denique

155 2271 246 2335 stiam
266 2272 367 2334 Amor
387 2271 526 2352 priunum
548 2284 641 2335 natus
665 2282 722 2332 est„
770 2269 875 2353 Atque
896 2270 945 2334 his
967 2273 1062 2333 rebus
1085 2269 1175 2333 abso·

154 2387 239 2449 lutus
260 2387 413 2451 felicitatis
435 2407 529 2451 verae
553 2388 707 2467 ambitus,
736 2409 756 2449 a
776 2408 841 2471 qua
863 2388 1009 2452 luxuriae
1030 2389 1175 2471 volupta-

156 2513 200 2562 tes
221 2501 363 2567 abessent
383 2514 416 2565 et
434 2502 513 2567 vitia
534 2514 692 2567 crescente
713 2504 794 2567 luxu
811 2503 897 2566 illota
913 2504 1051 2587 plurima
1071 2504 1106 2566 in
1126 2506 1174 2571 vi·

151 2629 224 2679 mm.
266 2616 353 2681 Rure
380 2638 459 2684 vero
481 2620 575 2683 etiam
595 2641 681 2685 nune
702 2620 783 2682 nihil
805 2631 853 2681 est
872 2618 1050 2681 iucundius.
1091 2617 1174 2683 Vide

150 2731 291 2812 primum
312 2738 421 2809 ugonis
440 2735 567 2813 rustica,
588 2734 732 2814 plantare
753 2731 851 2811 vites,
861 2743 892 2792 et
907 2735 1045 2807 arbores,
1067 2742 1173 2794 tenere

147 2841 315 2905 interdum
330 2842 486 2911 bidentem
505 2858 537 2911 et
555 2845 684 2909 stimttlo
705 2845 870 2926 increpare
890 2843 999 2919 boves,
1019 2843 1172 2921 inspicere

147 2978 247 3039 pecus
276 2970 309 3020 et
335 2980 446 3039 agnam
466 2961 606 3023 fatumve
628 2959 765 3040 capellae
786 2957 907 3019 referre
935 2951 1083 3015 domum:
1117 2972 1174 3015 uec

147 3074 256 3137 annus
278 3076 417 3141 suaviter
436 3077 548 3141 Deliae
568 3076 678 3139 sutura
699 3072 824 3154 negotia
846 3070 1040 3144 adumbrata,
1057 3067 1083 3131 si
1105 3086 1176 3131 cum

146 3201 244 3271 poeta
265 3192 374 3255 rivere
397 3213 472 3257 rure
495 3193 657 3258 voluisset.
699 3192 807 3261 Altera
825 3210 898 3273 pars
919 3189 1105 3251 rusticarum
1125 3205 1175 3250 re·

146 3330 224 3373 rum
245 3313 386 3390 reipsum
412 3324 445 3375 et
456 3311 538 3395 festa
557 3322 635 3377 sunt
656 3311 803 3393 amatia,
834 3329 972 3396 quorum
993 3306 1174 3391 descriptio·

147 3424 248 3485 nibus
273 3427 368 3506 plena
398 3427 506 3490 omnia
534 3428 569 3490 in
598 3426 648 3491 his
670 3426 870 3491 carminilms.
910 3426 987 3489 Erat
1007 3446 1084 3493 tero
1104 3427 1174 3507 pius

147 3550 245 3618 poeta
265 3559 455 3623 magnopere
477 3539 619 3607 addictus
646 3543 811 3625 agrestium
835 3540 967 3607 deorum
996 3542 1110 3620 oiltui,
1140 3554 1176 3603 ut

149 3656 216 3734 ipse
236 3656 403 3737 profitetur
424 3659 449 3736 1,
473 3666 510 3722 1:

234 3774 318 3838 Nam
335 3796 475 3841 veneror
496 3796 551 3841 seu
573 3777 668 3861 stipes
689 3780 785 3842 habet
806 3777 947 3843 desertus
967 3781 1001 3840 in
1021 3778 1111 3858 sgtio

278 3889 343 3955 deo
364 3907 457 3958 retus
478 3895 512 3956 in
533 3894 628 3959 uitio
647 3895 746 3959 florea
767 3895 965 3978 sertahpis:

235 4013 276 4075 tt
298 4014 515 4101 qttodennque
538 4018 614 4082 milti
637 4039 766 4102 pomum
789 4038 891 4083 nouus
913 4017 1024 4081 educat
1044 4034 1154 4087 annus,

278 4128 429 4195 Libatum
451 4134 617 4213 amicatus
637 4136 768 4219 ponitur
790 4146 860 4196 ante
882 4133 986 4196 deum.
