3009 4725
315 306 377 367 42⁸
553 297 835 368 COMMENTAR.
857 300 904 368 IN
925 301 1098 368 TIBULLI

314 476 354 528 vis
373 476 429 544 lpss
446 475 550 541 umoris,
569 476 613 542 qui
631 472 673 528 irie
690 474 854 540 describitur,
872 474 970 528 Tibulli
986 475 1092 541 ingenio
1107 491 1140 528 es
1155 476 1346 543 superioribus

314 579 420 645 cognlto
445 578 520 645 plene
540 575 689 640 ismlllmin
713 576 790 629 slitsr
814 577 993 629 Psoensrrus
1017 582 1045 628 et
1067 574 1345 632 0vrn1usieeissent.

314 675 453 730 Cerintlrus
472 674 576 742 quidem
601 691 661 728 cum
685 690 736 728 nou
761 675 870 729 suderet
894 676 1028 744 ndspirsre
1053 675 1087 728 nd
1104 676 1158 728 tris
1174 675 1342 741 coniugium,

312 778 422 845 priunum
447 776 561 829 timidior
579 775 659 828 inisse
677 775 779 829 videtur
804 776 888 843 (oonl.
907 776 941 830 de
959 776 1060 845 pudore
1077 776 1196 830 modesto
1214 776 1340 829 Cerintlni

311 893 364 930 non
385 879 461 941 ficto,
486 876 533 928 sed
558 892 621 929 vero
638 892 717 945 snpra
736 877 770 942 11,
788 880 815 943 2,
837 878 911 944 lo),
938 877 1070 945 Sulpiciae
1088 892 1150 929 vero
1169 876 1248 930 ardor
1265 877 1341 928 viri-

311 977 369 1031 dior
386 983 441 1041 est,
469 981 495 1029 et
514 981 587 1044 potet
610 991 670 1029 eem
688 977 776 1029 rivere
792 976 862 1029 nolle
882 976 938 1028 sins
962 980 1048 1027 smsto
1067 953 1173 1027 iuvenes
1204 975 1244 1027 An
1261 975 1340 1052 Vns-

310 1093 367 1129 stus
385 1075 488 1143 quidem
506 1076 542 1127 its
561 1075 746 1142 interpretetur
764 1074 848 1126 omniu
866 1073 892 1123 in
911 1071 949 1124 bis
967 1072 1139 1136 carminibus,
1169 1077 1199 1124 ut
1216 1071 1277 1125 nibil
1296 1073 1339 1124 sit

310 1173 467 1238 modestius,
495 1187 544 1225 nec
568 1172 741 1238 virginitstem
766 1169 868 1223 lurtiris
886 1170 1056 1223 conventibus
1073 1172 1214 1224 amantium
1231 1170 1335 1223 lemnus

309 1272 444 1339 eonosdit,
469 1271 590 1324 inmotum
616 1271 742 1336 virginem
766 1269 880 1322 nobilem
905 1276 965 1338 post
989 1270 1094 1338 nuptirs
1117 1272 1145 1323 in
1169 1271 1255 1323 masiti
1271 1286 1334 1322 sm·

311 1374 403 1441 plexus
428 1373 529 1425 venisse
553 1371 720 1424 eorundem.
768 1369 824 1423 Sed
850 1371 931 1423 verbs
954 1376 1043 1424 mmsn
1068 1387 1119 1424 uon
1146 1373 1226 1425 semel
1253 1371 1334 1424 sliter

309 1476 401 1524 sonem
419 1486 497 1538 quum
521 1471 566 1523 ills
588 1477 683 1524 nsrrnt
719 1470 849 1525 Nimirum
873 1486 925 1524 non
950 1478 1056 1526 secutus
1080 1477 1121 1524 est
1145 1470 1185 1524 bin
1208 1470 1334 1524 'libutius

308 1571 437 1641 publicum
455 1571 621 1627 severiorem
639 1588 757 1639 morum,
783 1572 1000 1641 qnemrdmodum
1019 1573 1132 1627 Vossius
1148 1573 1254 1638 stituit,
1277 1571 1331 1624 red

308 1671 448 1724 ardentiori
471 1671 560 1723 colors
584 1671 659 1737 ignes
683 1671 818 1739 Sulpiciae
843 1670 961 1739 depinxit
987 1676 1016 1723 ut
1036 1672 1063 1723 ln
1087 1670 1175 1740 poesi,
1201 1669 1330 1723 exbibens

307 1784 359 1821 uon
377 1768 491 1835 vulperir
508 1770 612 1835 poneris
630 1770 759 1838 puellum,
784 1765 810 1821 in
829 1783 881 1835 qur
898 1768 1036 1835 singularis
1052 1768 1180 1835 qusednm
1196 1768 1235 1819 sis
1252 1783 1331 1819 umo-

307 1870 343 1922 ris
360 1874 466 1935 regunt,
494 1875 522 1921 et
538 1884 615 1935 quum
633 1886 685 1923 uou
703 1870 785 1939 pudet
803 1869 885 1922 libere
903 1868 1021 1936 pectoris
1033 1869 1159 1936 impetum
1177 1865 1265 1933 sequi,
1293 1871 1329 1918 ut

306 1971 367 2023 oiim
385 1968 536 2038 simpliciori
553 1986 619 2023 sevo
645 1970 759 2036 iscium,
787 1973 847 2039 puri
870 1972 987 2039 emtique
1010 1970 1088 2024 snimi
1112 1970 1161 2023 sibi
1186 1967 1331 2022 conscium·

306 2069 420 2121 Vossius
438 2068 471 2121 sd
490 2068 637 2124 historicum
655 2072 732 2126 fidem
751 2072 837 2126 omnis
858 2078 980 2139 revoest,
1006 2070 1104 2123 obiitus
1121 2083 1173 2121 nou
1190 2065 1330 2121 historiam

306 2165 347 2221 bie
364 2165 467 2236 bsbsri,
491 2168 540 2223 sed
556 2170 654 2240 poesin.

567 2798 930 2873 CARMEN
1011 2799 1060 2878 11.

710 3070 919 3086 —fl-—=—-

660 3288 913 3358 INTRODUCT
914 3290 970 3359 10.

300 3511 460 3602 Kalendas
484 3543 594 3599 Marsus
618 3564 706 3603 meres
731 3553 864 3622 festosque
890 3555 970 3609 fuisse
996 3555 1120 3609 uxoribus
1142 3557 1267 3611 [tumosis
1289 3562 1318 3611 et

299 3646 408 3717 puellis,
437 3645 521 3711 iisque
540 3649 594 3696 tum
619 3661 727 3701 munera
745 3652 825 3704 missu
841 3668 858 3704 n
875 3654 974 3706 turritis
996 3661 1024 3707 et
1047 3656 1191 3709 umentibus
1208 3655 1318 3709 vidimus

299 3744 333 3797 nd
351 3744 398 3809 111,
418 3748 442 3799 l.
486 3743 614 3797 Similiter
631 3761 699 3799 nuno
717 3749 850 3816 Sulpiciae
868 3758 932 3818 puts
949 3768 965 3804 s
983 3752 1107 3806 Cerintbo
1125 3770 1231 3809 munere
1248 3755 1315 3808 mitti

298 3845 398 3909 sddito¹
413 3844 462 3900 boo
486 3848 599 3900 carmine
624 3854 727 3917 poetae.
765 3848 900 3903 Lnudntur
924 3851 950 3903 iu
975 3865 1007 3903 eo
1034 3850 1197 3920 pulchritudo
1221 3855 1316 3908 eximis

298 3946 418 4012 puellae,
435 3947 462 3999 in
478 3962 530 4014 qun
548 3948 635 4000 omnin
653 3949 774 4017 plseesnt
790 3955 820 4002 et
836 3966 888 4017 qur
907 3952 977 4003 nulls
993 3949 1044 4002 slis
1061 3952 1166 4021 dignum
1181 3956 1217 4008 sit
1235 3956 1313 4008 resti-

299 4042 348 4096 bus
371 4046 481 4113 ntiisque
504 4049 663 4102 ornamentis
684 4050 814 4119 pretiosis.
848 4050 943 4116 Neque
968 4065 1030 4105 uero
1055 4053 1154 4109 dirsets
1177 4045 1315 4124 idipsum
