<?xml version="1.0" encoding="UTF-8"?>
<!DOCTYPE html PUBLIC "-//W3C//DTD XHTML 1.0 Transitional//EN"
    "http://www.w3.org/TR/xhtml1/DTD/xhtml1-transitional.dtd">
<html xmlns="http://www.w3.org/1999/xhtml" xml:lang="en" lang="en">
 <head>
  <title>
</title>
<meta http-equiv="Content-Type" content="text/html;charset=utf-8" />
  <meta name='ocr-system' content='tesseract 3.04.00' />
  <meta name='ocr-capabilities' content='ocr_page ocr_carea ocr_par ocr_line ocrx_word'/>
</head>
<body>
  <div class='ocr_page' id='page_1' title='image "albiitibullicar00unkngoog_0044.png"; bbox 0 0 3009 4725; ppageno 0'>
   <div class='ocr_carea' id='block_1_1' title="bbox 323 406 935 477">
    <p class='ocr_par' dir='ltr' id='par_1_1' title="bbox 323 406 935 477">
     <span class='ocr_line' id='line_1_1' title="bbox 323 406 935 477; baseline -0.008 -1"><span class='ocrx_word' id='word_1_1' title='bbox 323 436 447 477; x_wconf 79' lang='lat' dir='ltr'>xxxvur</span> <span class='ocrx_word' id='word_1_2' title='bbox 735 408 793 470; x_wconf 78' lang='grc' dir='ltr'>ΒΕ</span> <span class='ocrx_word' id='word_1_3' title='bbox 815 406 935 476; x_wconf 88' lang='lat' dir='ltr'>POESI</span> 
     </span>
    </p>
   </div>
   <div class='ocr_carea' id='block_1_2' title="bbox 231 580 1346 666">
    <p class='ocr_par' dir='ltr' id='par_1_2' title="bbox 231 580 1346 666">
     <span class='ocr_line' id='line_1_2' title="bbox 231 580 1346 666; baseline -0.003 -9"><span class='ocrx_word' id='word_1_4' title='bbox 231 651 238 664; x_wconf 89' lang='grc'>,</span> <span class='ocrx_word' id='word_1_5' title='bbox 325 593 406 656; x_wconf 91' lang='lat' dir='ltr'>ruris</span> <span class='ocrx_word' id='word_1_6' title='bbox 436 605 466 655; x_wconf 89' lang='lat' dir='ltr'>et</span> <span class='ocrx_word' id='word_1_7' title='bbox 496 588 629 653; x_wconf 78' lang='lat' dir='ltr'><strong>rusticae</strong></span> <span class='ocrx_word' id='word_1_8' title='bbox 659 581 741 647; x_wconf 81' lang='lat' dir='ltr'>vitae</span> <span class='ocrx_word' id='word_1_9' title='bbox 771 580 876 647; x_wconf 89' lang='lat' dir='ltr'>studio</span> <span class='ocrx_word' id='word_1_10' title='bbox 906 586 1072 647; x_wconf 88' lang='lat' dir='ltr'>tenebatur</span> <span class='ocrx_word' id='word_1_11' title='bbox 1102 590 1256 666; x_wconf 84' lang='lat' dir='ltr'>maximo,</span> <span class='ocrx_word' id='word_1_12' title='bbox 1289 613 1346 654; x_wconf 83' lang='lat' dir='ltr'>nec</span> 
     </span>
    </p>
   </div>
   <div class='ocr_carea' id='block_1_3' title="bbox 284 698 1356 2047">
    <p class='ocr_par' dir='ltr' id='par_1_3' title="bbox 284 698 1356 2047">
     <span class='ocr_line' id='line_1_3' title="bbox 326 698 1347 788; baseline -0.007 -16"><span class='ocrx_word' id='word_1_13' title='bbox 326 708 404 772; x_wconf 82' lang='lat' dir='ltr'>vidit</span> <span class='ocrx_word' id='word_1_14' title='bbox 425 707 590 788; x_wconf 74' lang='lat' dir='ltr'>antiquitas</span> <span class='ocrx_word' id='word_1_15' title='bbox 611 711 737 783; x_wconf 88' lang='lat' dir='ltr'>poetam</span> <span class='ocrx_word' id='word_1_16' title='bbox 759 701 944 777; x_wconf 84' lang='lat' dir='ltr'>elegiacum,</span> <span class='ocrx_word' id='word_1_17' title='bbox 973 698 1008 761; x_wconf 88' lang='lat' dir='ltr'>in</span> <span class='ocrx_word' id='word_1_18' title='bbox 1030 721 1095 783; x_wconf 91' lang='lat' dir='ltr'>quo</span> <span class='ocrx_word' id='word_1_19' title='bbox 1113 715 1282 786; x_wconf 88' lang='lat' dir='ltr'>utrumque</span> <span class='ocrx_word' id='word_1_20' title='bbox 1304 707 1347 766; x_wconf 88' lang='lat' dir='ltr'>sic</span> 
     </span>
     <span class='ocr_line' id='line_1_4' title="bbox 328 813 1348 887; baseline -0.01 0"><span class='ocrx_word' id='word_1_21' title='bbox 328 835 407 887; x_wconf 87' lang='lat' dir='ltr'>esset</span> <span class='ocrx_word' id='word_1_22' title='bbox 426 822 636 884; x_wconf 87' lang='lat' dir='ltr'>coniunctum.</span> <span class='ocrx_word' id='word_1_23' title='bbox 678 813 792 875; x_wconf 77' lang='lat' dir='ltr'>Gestae</span> <span class='ocrx_word' id='word_1_24' title='bbox 808 814 847 873; x_wconf 88' lang='lat' dir='ltr'>ab</span> <span class='ocrx_word' id='word_1_25' title='bbox 864 831 902 873; x_wconf 87' lang='lat' dir='ltr'>eo</span> <span class='ocrx_word' id='word_1_26' title='bbox 916 813 963 873; x_wconf 91' lang='lat' dir='ltr'>rei</span> <span class='ocrx_word' id='word_1_27' title='bbox 983 834 1076 877; x_wconf 87' lang='lat' dir='ltr'>nemo</span> <span class='ocrx_word' id='word_1_28' title='bbox 1095 828 1240 879; x_wconf 81' lang='lat' dir='ltr'>veterum</span> <span class='ocrx_word' id='word_1_29' title='bbox 1260 838 1348 878; x_wconf 88' lang='lat' dir='ltr'>men-</span> 
     </span>
     <span class='ocr_line' id='line_1_5' title="bbox 325 925 1349 1012; baseline -0.011 -10"><span class='ocrx_word' id='word_1_30' title='bbox 325 940 443 1002; x_wconf 87' lang='lat' dir='ltr'>tionem</span> <span class='ocrx_word' id='word_1_31' title='bbox 464 933 553 1010; x_wconf 87' lang='lat' dir='ltr'>focit,</span> <span class='ocrx_word' id='word_1_32' title='bbox 582 927 737 1011; x_wconf 88' lang='lat' dir='ltr'>stipendia</span> <span class='ocrx_word' id='word_1_33' title='bbox 763 925 900 990; x_wconf 89' lang='lat' dir='ltr'>vidimus</span> <span class='ocrx_word' id='word_1_34' title='bbox 921 927 1055 990; x_wconf 79' lang='lat' dir='ltr'>invimm</span> <span class='ocrx_word' id='word_1_35' title='bbox 1075 932 1243 1007; x_wconf 72' lang='lat' dir='ltr'>meurisse,</span> <span class='ocrx_word' id='word_1_36' title='bbox 1278 943 1349 1012; x_wconf 87' lang='lat' dir='ltr'>post</span> 
     </span>
     <span class='ocr_line' id='line_1_6' title="bbox 328 1042 1350 1135; baseline -0.006 -22"><span class='ocrx_word' id='word_1_37' title='bbox 328 1072 409 1135; x_wconf 88' lang='lat' dir='ltr'>quae</span> <span class='ocrx_word' id='word_1_38' title='bbox 433 1049 528 1118; x_wconf 89' lang='lat' dir='ltr'>semel</span> <span class='ocrx_word' id='word_1_39' title='bbox 548 1046 664 1108; x_wconf 88' lang='lat' dir='ltr'>iterum</span> <span class='ocrx_word' id='word_1_40' title='bbox 685 1045 752 1106; x_wconf 90' lang='lat' dir='ltr'>sola</span> <span class='ocrx_word' id='word_1_41' title='bbox 773 1042 907 1106; x_wconf 88' lang='lat' dir='ltr'>amicitia</span> <span class='ocrx_word' id='word_1_42' title='bbox 929 1042 1083 1106; x_wconf 74' lang='lat' dir='ltr'>Messalae</span> <span class='ocrx_word' id='word_1_43' title='bbox 1110 1045 1282 1109; x_wconf 86' lang='lat' dir='ltr'>abstractus</span> <span class='ocrx_word' id='word_1_44' title='bbox 1304 1059 1350 1107; x_wconf 83' lang='lat' dir='ltr'>est</span> 
     </span>
     <span class='ocr_line' id='line_1_7' title="bbox 328 1157 1351 1244; baseline -0.008 -16"><span class='ocrx_word' id='word_1_45' title='bbox 328 1165 439 1244; x_wconf 82' lang='lat' dir='ltr'>d0m03</span> <span class='ocrx_word' id='word_1_46' title='bbox 474 1184 532 1224; x_wconf 89' lang='lat' dir='ltr'>nec</span> <span class='ocrx_word' id='word_1_47' title='bbox 560 1159 648 1226; x_wconf 81' lang='lat' dir='ltr'>urbis</span> <span class='ocrx_word' id='word_1_48' title='bbox 674 1157 825 1241; x_wconf 84' lang='lat' dir='ltr'>splendor</span> <span class='ocrx_word' id='word_1_49' title='bbox 851 1170 882 1219; x_wconf 90' lang='lat' dir='ltr'>et</span> <span class='ocrx_word' id='word_1_50' title='bbox 903 1157 1032 1221; x_wconf 80' lang='lat' dir='ltr'>ambitio</span> <span class='ocrx_word' id='word_1_51' title='bbox 1055 1157 1156 1222; x_wconf 83' lang='lat' dir='ltr'>tenuit</span> <span class='ocrx_word' id='word_1_52' title='bbox 1177 1181 1265 1237; x_wconf 92' lang='lat' dir='ltr'>eum,</span> <span class='ocrx_word' id='word_1_53' title='bbox 1295 1161 1351 1242; x_wconf 92' lang='lat' dir='ltr'>qui</span> 
     </span>
     <span class='ocr_line' id='line_1_8' title="bbox 284 1272 1351 1358; baseline -0.001 -21"><span class='ocrx_word' id='word_1_54' title='bbox 284 1331 288 1337; x_wconf 88' lang='lat'><em>.</em></span> <span class='ocrx_word' id='word_1_55' title='bbox 330 1281 398 1343; x_wconf 89' lang='lat' dir='ltr'>aliis</span> <span class='ocrx_word' id='word_1_56' title='bbox 420 1277 636 1358; x_wconf 86' lang='lat' dir='ltr'>voluptatibus</span> <span class='ocrx_word' id='word_1_57' title='bbox 667 1297 686 1335; x_wconf 86' lang='lat' dir='ltr'>a</span> <span class='ocrx_word' id='word_1_58' title='bbox 713 1296 815 1356; x_wconf 92' lang='lat' dir='ltr'>puero</span> <span class='ocrx_word' id='word_1_59' title='bbox 845 1276 1040 1340; x_wconf 83' lang='lat' dir='ltr'>assuevisset.</span> <span class='ocrx_word' id='word_1_60' title='bbox 1092 1275 1137 1337; x_wconf 81' lang='lat' dir='ltr'>Ae</span> <span class='ocrx_word' id='word_1_61' title='bbox 1165 1272 1351 1337; x_wconf 82' lang='lat' dir='ltr'>domesticae</span> 
     </span>
     <span class='ocr_line' id='line_1_9' title="bbox 329 1385 1351 1476; baseline -0.007 -19"><span class='ocrx_word' id='word_1_62' title='bbox 329 1394 412 1458; x_wconf 86' lang='lat' dir='ltr'>vitae</span> <span class='ocrx_word' id='word_1_63' title='bbox 441 1391 560 1476; x_wconf 89' lang='lat' dir='ltr'>otiique</span> <span class='ocrx_word' id='word_1_64' title='bbox 581 1388 809 1471; x_wconf 86' lang='lat' dir='ltr'>tranquillitas,</span> <span class='ocrx_word' id='word_1_65' title='bbox 838 1387 1032 1470; x_wconf 82' lang='lat' dir='ltr'>simplicitas.</span> <span class='ocrx_word' id='word_1_66' title='bbox 1046 1385 1146 1463; x_wconf 87' lang='lat' dir='ltr'>ruris,</span> <span class='ocrx_word' id='word_1_67' title='bbox 1179 1388 1351 1469; x_wconf 86' lang='lat' dir='ltr'>antiquitus</span> 
     </span>
     <span class='ocr_line' id='line_1_10' title="bbox 330 1499 1352 1583; baseline -0.006 -13"><span class='ocrx_word' id='word_1_68' title='bbox 330 1503 432 1570; x_wconf 78' lang='lat' dir='ltr'>amata</span> <span class='ocrx_word' id='word_1_69' title='bbox 450 1503 616 1582; x_wconf 85' lang='lat' dir='ltr'>Romanis,</span> <span class='ocrx_word' id='word_1_70' title='bbox 649 1504 741 1564; x_wconf 88' lang='lat' dir='ltr'>etiam</span> <span class='ocrx_word' id='word_1_71' title='bbox 763 1502 927 1583; x_wconf 88' lang='lat' dir='ltr'>pulchrior</span> <span class='ocrx_word' id='word_1_72' title='bbox 954 1504 1079 1565; x_wconf 66' lang='lat' dir='ltr'>necesse</span> <span class='ocrx_word' id='word_1_73' title='bbox 1102 1512 1168 1563; x_wconf 88' lang='lat' dir='ltr'>erat</span> <span class='ocrx_word' id='word_1_74' title='bbox 1188 1499 1352 1564; x_wconf 82' lang='lat' dir='ltr'>videretur</span> 
     </span>
     <span class='ocr_line' id='line_1_11' title="bbox 330 1613 1354 1702; baseline -0.005 -20"><span class='ocrx_word' id='word_1_75' title='bbox 330 1616 598 1702; x_wconf 81' lang='lat' dir='ltr'>generosioribus,</span> <span class='ocrx_word' id='word_1_76' title='bbox 629 1628 796 1698; x_wconf 85' lang='lat' dir='ltr'>postquam</span> <span class='ocrx_word' id='word_1_77' title='bbox 821 1616 949 1677; x_wconf 86' lang='lat' dir='ltr'>luxuria</span> <span class='ocrx_word' id='word_1_78' title='bbox 969 1614 1072 1677; x_wconf 89' lang='lat' dir='ltr'>omnis</span> <span class='ocrx_word' id='word_1_79' title='bbox 1095 1613 1218 1695; x_wconf 82' lang='lat' dir='ltr'>generis</span> <span class='ocrx_word' id='word_1_80' title='bbox 1238 1615 1354 1677; x_wconf 91' lang='lat' dir='ltr'>urbem</span> 
     </span>
     <span class='ocr_line' id='line_1_12' title="bbox 330 1727 1353 1813; baseline -0.005 -15"><span class='ocrx_word' id='word_1_81' title='bbox 330 1738 488 1798; x_wconf 85' lang='lat' dir='ltr'>invaserat</span> <span class='ocrx_word' id='word_1_82' title='bbox 510 1744 542 1794; x_wconf 91' lang='lat' dir='ltr'>et</span> <span class='ocrx_word' id='word_1_83' title='bbox 560 1732 697 1813; x_wconf 89' lang='lat' dir='ltr'>perierat</span> <span class='ocrx_word' id='word_1_84' title='bbox 716 1731 843 1792; x_wconf 89' lang='lat' dir='ltr'>libertas</span> <span class='ocrx_word' id='word_1_85' title='bbox 863 1729 1006 1812; x_wconf 67' lang='lat' dir='ltr'>publica,</span> <span class='ocrx_word' id='word_1_86' title='bbox 1028 1750 1086 1793; x_wconf 87' lang='lat' dir='ltr'>nee</span> <span class='ocrx_word' id='word_1_87' title='bbox 1105 1727 1256 1813; x_wconf 85' lang='lat' dir='ltr'>praedam</span> <span class='ocrx_word' id='word_1_88' title='bbox 1276 1751 1353 1813; x_wconf 87' lang='lat' dir='ltr'>prae</span> 
     </span>
     <span class='ocr_line' id='line_1_13' title="bbox 331 1842 1356 1936; baseline -0.004 -21"><span class='ocrx_word' id='word_1_89' title='bbox 331 1851 456 1914; x_wconf 82' lang='lat' dir='ltr'>Venere</span> <span class='ocrx_word' id='word_1_90' title='bbox 477 1846 648 1914; x_wconf 87' lang='lat' dir='ltr'>laudabant</span> <span class='ocrx_word' id='word_1_91' title='bbox 669 1866 788 1926; x_wconf 90' lang='lat' dir='ltr'>omnes,</span> <span class='ocrx_word' id='word_1_92' title='bbox 809 1847 868 1910; x_wconf 87' lang='lat' dir='ltr'>etsi</span> <span class='ocrx_word' id='word_1_93' title='bbox 888 1849 1026 1912; x_wconf 84' lang='lat' dir='ltr'>ferreum</span> <span class='ocrx_word' id='word_1_94' title='bbox 1041 1861 1122 1914; x_wconf 85' lang='lat' dir='ltr'>esset</span> <span class='ocrx_word' id='word_1_95' title='bbox 1136 1842 1356 1936; x_wconf 81' lang='lat' dir='ltr'>saeculum*);</span> 
     </span>
     <span class='ocr_line' id='line_1_14' title="bbox 332 1961 1355 2047; baseline -0.002 -20"><span class='ocrx_word' id='word_1_96' title='bbox 332 1965 476 2030; x_wconf 75' lang='lat' dir='ltr'>Tibullus</span> <span class='ocrx_word' id='word_1_97' title='bbox 498 1981 575 2027; x_wconf 83' lang='lat' dir='ltr'>vero</span> <span class='ocrx_word' id='word_1_98' title='bbox 598 1983 670 2028; x_wconf 88' lang='lat' dir='ltr'>cum</span> <span class='ocrx_word' id='word_1_99' title='bbox 690 1961 846 2046; x_wconf 87' lang='lat' dir='ltr'>imprimis</span> <span class='ocrx_word' id='word_1_100' title='bbox 873 1965 1022 2047; x_wconf 82' lang='lat' dir='ltr'>proclivis</span> <span class='ocrx_word' id='word_1_101' title='bbox 1050 1977 1130 2028; x_wconf 86' lang='lat' dir='ltr'>esset</span> <span class='ocrx_word' id='word_1_102' title='bbox 1155 1962 1194 2027; x_wconf 91' lang='lat' dir='ltr'>ad</span> <span class='ocrx_word' id='word_1_103' title='bbox 1222 1965 1279 2026; x_wconf 84' lang='lat' dir='ltr'>hes</span> <span class='ocrx_word' id='word_1_104' title='bbox 1306 1964 1355 2025; x_wconf 86' lang='lat' dir='ltr'>al·</span> 
     </span>
    </p>
   </div>
   <div class='ocr_carea' id='block_1_4' title="bbox 331 2077 1354 2274">
    <p class='ocr_par' dir='ltr' id='par_1_4' title="bbox 331 2077 1354 2274">
     <span class='ocr_line' id='line_1_15' title="bbox 331 2077 1354 2158; baseline -0.006 -16"><span class='ocrx_word' id='word_1_105' title='bbox 331 2079 500 2158; x_wconf 74' lang='lat' dir='ltr'>sectiones,</span> <span class='ocrx_word' id='word_1_106' title='bbox 531 2091 635 2144; x_wconf 89' lang='lat' dir='ltr'>tamen</span> <span class='ocrx_word' id='word_1_107' title='bbox 666 2079 759 2144; x_wconf 86' lang='lat' dir='ltr'>etiam</span> <span class='ocrx_word' id='word_1_108' title='bbox 783 2078 998 2144; x_wconf 88' lang='lat' dir='ltr'>deminutione</span> <span class='ocrx_word' id='word_1_109' title='bbox 1023 2077 1100 2154; x_wconf 85' lang='lat' dir='ltr'>ista,</span> <span class='ocrx_word' id='word_1_110' title='bbox 1134 2093 1229 2156; x_wconf 90' lang='lat' dir='ltr'>quam</span> <span class='ocrx_word' id='word_1_111' title='bbox 1257 2094 1354 2155; x_wconf 87' lang='lat' dir='ltr'>supra</span> 
     </span>
     <span class='ocr_line' id='line_1_16' title="bbox 332 2183 1354 2274; baseline -0.007 -18"><span class='ocrx_word' id='word_1_112' title='bbox 332 2194 581 2269; x_wconf 78' lang='lat' dir='ltr'>memoravimus,</span> <span class='ocrx_word' id='word_1_113' title='bbox 601 2190 782 2274; x_wconf 86' lang='lat' dir='ltr'>patrimonii</span> <span class='ocrx_word' id='word_1_114' title='bbox 799 2193 935 2251; x_wconf 90' lang='lat' dir='ltr'>multum</span> <span class='ocrx_word' id='word_1_115' title='bbox 953 2185 1154 2248; x_wconf 85' lang='lat' dir='ltr'>confirmatus</span> <span class='ocrx_word' id='word_1_116' title='bbox 1174 2183 1299 2249; x_wconf 86' lang='lat' dir='ltr'>videtur</span> <span class='ocrx_word' id='word_1_117' title='bbox 1318 2187 1354 2250; x_wconf 90' lang='lat' dir='ltr'>in</span> 
     </span>
    </p>
   </div>
   <div class='ocr_carea' id='block_1_5' title="bbox 332 2298 1357 3987">
    <p class='ocr_par' dir='ltr' id='par_1_5' title="bbox 332 2298 1357 3987">
     <span class='ocr_line' id='line_1_17' title="bbox 332 2298 1355 2391; baseline -0.002 -23"><span class='ocrx_word' id='word_1_118' title='bbox 332 2308 393 2370; x_wconf 91' lang='lat' dir='ltr'>hoc</span> <span class='ocrx_word' id='word_1_119' title='bbox 414 2327 526 2391; x_wconf 85' lang='lat' dir='ltr'>genere</span> <span class='ocrx_word' id='word_1_120' title='bbox 547 2322 694 2369; x_wconf 88' lang='lat' dir='ltr'>sensuum</span> <span class='ocrx_word' id='word_1_121' title='bbox 718 2302 879 2387; x_wconf 84' lang='lat' dir='ltr'>vitaeque,</span> <span class='ocrx_word' id='word_1_122' title='bbox 909 2298 950 2360; x_wconf 91' lang='lat' dir='ltr'>ad</span> <span class='ocrx_word' id='word_1_123' title='bbox 976 2298 1064 2383; x_wconf 85' lang='lat' dir='ltr'>quod</span> <span class='ocrx_word' id='word_1_124' title='bbox 1090 2312 1204 2365; x_wconf 88' lang='lat' dir='ltr'>natura</span> <span class='ocrx_word' id='word_1_125' title='bbox 1230 2302 1355 2367; x_wconf 86' lang='lat' dir='ltr'>fereba-</span> 
     </span>
     <span class='ocr_line' id='line_1_18' title="bbox 334 2411 1356 2498; baseline -0.008 -11"><span class='ocrx_word' id='word_1_126' title='bbox 334 2437 395 2486; x_wconf 91' lang='lat' dir='ltr'>tur.</span> <span class='ocrx_word' id='word_1_127' title='bbox 444 2422 520 2485; x_wconf 89' lang='lat' dir='ltr'>Non</span> <span class='ocrx_word' id='word_1_128' title='bbox 545 2416 671 2483; x_wconf 80' lang='lat' dir='ltr'>videtur</span> <span class='ocrx_word' id='word_1_129' title='bbox 700 2434 841 2498; x_wconf 88' lang='lat' dir='ltr'>unquam</span> <span class='ocrx_word' id='word_1_130' title='bbox 866 2415 934 2476; x_wconf 90' lang='lat' dir='ltr'>sine</span> <span class='ocrx_word' id='word_1_131' title='bbox 956 2411 1067 2477; x_wconf 88' lang='lat' dir='ltr'>dolore</span> <span class='ocrx_word' id='word_1_132' title='bbox 1089 2413 1228 2498; x_wconf 89' lang='lat' dir='ltr'>quodam</span> <span class='ocrx_word' id='word_1_133' title='bbox 1248 2437 1356 2481; x_wconf 86' lang='lat' dir='ltr'>recor·</span> 
     </span>
     <span class='ocr_line' id='line_1_19' title="bbox 334 2528 1356 2599; baseline -0.006 1"><span class='ocrx_word' id='word_1_134' title='bbox 334 2536 424 2599; x_wconf 91' lang='lat' dir='ltr'>datus</span> <span class='ocrx_word' id='word_1_135' title='bbox 452 2554 518 2596; x_wconf 89' lang='lat' dir='ltr'>esse</span> <span class='ocrx_word' id='word_1_136' title='bbox 547 2530 731 2593; x_wconf 87' lang='lat' dir='ltr'>amissorum</span> <span class='ocrx_word' id='word_1_137' title='bbox 761 2528 920 2590; x_wconf 89' lang='lat' dir='ltr'>bonorum</span> <span class='ocrx_word' id='word_1_138' title='bbox 948 2548 1021 2591; x_wconf 88' lang='lat' dir='ltr'>cum</span> <span class='ocrx_word' id='word_1_139' title='bbox 1045 2529 1144 2591; x_wconf 79' lang='lat' dir='ltr'>vitula</span> <span class='ocrx_word' id='word_1_140' title='bbox 1172 2529 1356 2595; x_wconf 89' lang='lat' dir='ltr'>innumeros</span> 
     </span>
     <span class='ocr_line' id='line_1_20' title="bbox 334 2641 1355 2727; baseline -0.007 -12"><span class='ocrx_word' id='word_1_141' title='bbox 334 2654 480 2715; x_wconf 87' lang='lat' dir='ltr'>lustraret</span> <span class='ocrx_word' id='word_1_142' title='bbox 493 2646 660 2707; x_wconf 80' lang='lat' dir='ltr'>iuvencos:</span> <span class='ocrx_word' id='word_1_143' title='bbox 683 2641 726 2704; x_wconf 87' lang='lat' dir='ltr'>sie</span> <span class='ocrx_word' id='word_1_144' title='bbox 741 2642 833 2705; x_wconf 87' lang='lat' dir='ltr'>etiam</span> <span class='ocrx_word' id='word_1_145' title='bbox 850 2641 952 2704; x_wconf 86' lang='lat' dir='ltr'>carius</span> <span class='ocrx_word' id='word_1_146' title='bbox 966 2641 1085 2705; x_wconf 88' lang='lat' dir='ltr'>factum</span> <span class='ocrx_word' id='word_1_147' title='bbox 1100 2641 1188 2727; x_wconf 92' lang='lat' dir='ltr'>quod</span> <span class='ocrx_word' id='word_1_148' title='bbox 1202 2643 1355 2726; x_wconf 87' lang='lat' dir='ltr'>relictum,</span> 
     </span>
     <span class='ocr_line' id='line_1_21' title="bbox 335 2752 1356 2837; baseline -0.007 -10"><span class='ocrx_word' id='word_1_149' title='bbox 335 2763 437 2828; x_wconf 85' lang='lat' dir='ltr'>carior</span> <span class='ocrx_word' id='word_1_150' title='bbox 458 2754 547 2819; x_wconf 88' lang='lat' dir='ltr'>sedes</span> <span class='ocrx_word' id='word_1_151' title='bbox 568 2757 683 2818; x_wconf 82' lang='lat' dir='ltr'>veteris</span> <span class='ocrx_word' id='word_1_152' title='bbox 706 2756 773 2837; x_wconf 84' lang='lat' dir='ltr'>avi,</span> <span class='ocrx_word' id='word_1_153' title='bbox 794 2755 930 2819; x_wconf 89' lang='lat' dir='ltr'>cariores</span> <span class='ocrx_word' id='word_1_154' title='bbox 951 2757 1033 2819; x_wconf 89' lang='lat' dir='ltr'>lares</span> <span class='ocrx_word' id='word_1_155' title='bbox 1055 2752 1152 2820; x_wconf 80' lang='lat' dir='ltr'>felicis</span> <span class='ocrx_word' id='word_1_156' title='bbox 1174 2758 1251 2819; x_wconf 89' lang='lat' dir='ltr'>olim</span> <span class='ocrx_word' id='word_1_157' title='bbox 1271 2778 1356 2820; x_wconf 88' lang='lat' dir='ltr'>nunc</span> 
     </span>
     <span class='ocr_line' id='line_1_22' title="bbox 335 2866 1357 2957; baseline -0.009 -25"><span class='ocrx_word' id='word_1_158' title='bbox 335 2871 482 2957; x_wconf 81' lang='lat' dir='ltr'>pauperis</span> <span class='ocrx_word' id='word_1_159' title='bbox 504 2868 571 2950; x_wconf 83' lang='lat' dir='ltr'>agn&#39;</span> <span class='ocrx_word' id='word_1_160' title='bbox 593 2868 756 2947; x_wconf 86' lang='lat' dir='ltr'>custodes,</span> <span class='ocrx_word' id='word_1_161' title='bbox 778 2867 888 2950; x_wconf 89' lang='lat' dir='ltr'>etqui</span> <span class='ocrx_word' id='word_1_162' title='bbox 910 2866 1026 2931; x_wconf 87' lang='lat' dir='ltr'>divitiis</span> <span class='ocrx_word' id='word_1_163' title='bbox 1047 2884 1174 2953; x_wconf 86' lang='lat' dir='ltr'>patrum</span> <span class='ocrx_word' id='word_1_164' title='bbox 1196 2874 1357 2954; x_wconf 78' lang='lat' dir='ltr'>ampliori.</span> 
     </span>
     <span class='ocr_line' id='line_1_23' title="bbox 335 2983 1356 3073; baseline -0.002 -22"><span class='ocrx_word' id='word_1_165' title='bbox 335 2993 393 3073; x_wconf 78' lang='lat' dir='ltr'>bus</span> <span class='ocrx_word' id='word_1_166' title='bbox 418 3008 451 3051; x_wconf 90' lang='lat' dir='ltr'>se</span> <span class='ocrx_word' id='word_1_167' title='bbox 473 2984 654 3051; x_wconf 86' lang='lat' dir='ltr'>destitutum</span> <span class='ocrx_word' id='word_1_168' title='bbox 675 2983 818 3062; x_wconf 85' lang='lat' dir='ltr'>videbat,</span> <span class='ocrx_word' id='word_1_169' title='bbox 849 3003 933 3047; x_wconf 89' lang='lat' dir='ltr'>nunc</span> <span class='ocrx_word' id='word_1_170' title='bbox 957 2987 1129 3068; x_wconf 85' lang='lat' dir='ltr'>pauperior</span> <span class='ocrx_word' id='word_1_171' title='bbox 1151 2988 1249 3049; x_wconf 81' lang='lat' dir='ltr'>seems</span> <span class='ocrx_word' id='word_1_172' title='bbox 1271 3000 1356 3049; x_wconf 86' lang='lat' dir='ltr'>totus</span> 
     </span>
     <span class='ocr_line' id='line_1_24' title="bbox 335 3098 1355 3180; baseline -0.005 -14"><span class='ocrx_word' id='word_1_173' title='bbox 335 3099 375 3166; x_wconf 90' lang='lat' dir='ltr'>ad</span> <span class='ocrx_word' id='word_1_174' title='bbox 394 3102 476 3165; x_wconf 89' lang='lat' dir='ltr'>hanc</span> <span class='ocrx_word' id='word_1_175' title='bbox 505 3100 689 3164; x_wconf 90' lang='lat' dir='ltr'>tenuitatem</span> <span class='ocrx_word' id='word_1_176' title='bbox 712 3098 860 3160; x_wconf 84' lang='lat' dir='ltr'>fortunae</span> <span class='ocrx_word' id='word_1_177' title='bbox 890 3098 1030 3161; x_wconf 89' lang='lat' dir='ltr'>animum</span> <span class='ocrx_word' id='word_1_178' title='bbox 1053 3101 1244 3180; x_wconf 86' lang='lat' dir='ltr'>composuit,</span> <span class='ocrx_word' id='word_1_179' title='bbox 1273 3113 1305 3159; x_wconf 86' lang='lat' dir='ltr'>et</span> <span class='ocrx_word' id='word_1_180' title='bbox 1325 3107 1355 3161; x_wconf 83' lang='lat' dir='ltr'>in</span> 
     </span>
     <span class='ocr_line' id='line_1_25' title="bbox 334 3214 1357 3301; baseline -0.003 -23"><span class='ocrx_word' id='word_1_181' title='bbox 334 3214 527 3279; x_wconf 73' lang='lat' dir='ltr'>mstiiosritnts</span> <span class='ocrx_word' id='word_1_182' title='bbox 543 3215 664 3299; x_wconf 74' lang='lat' dir='ltr'>placida</span> <span class='ocrx_word' id='word_1_183' title='bbox 692 3218 783 3293; x_wconf 77' lang='lat' dir='ltr'>vitoe,</span> <span class='ocrx_word' id='word_1_184' title='bbox 812 3237 888 3301; x_wconf 82' lang='lat' dir='ltr'>quoe</span> <span class='ocrx_word' id='word_1_185' title='bbox 916 3220 944 3277; x_wconf 81' lang='lat' dir='ltr'>r&#39;rr</span> <span class='ocrx_word' id='word_1_186' title='bbox 970 3215 1143 3294; x_wconf 73' lang='lat' dir='ltr'>simplicitate</span> <span class='ocrx_word' id='word_1_187' title='bbox 1170 3219 1246 3275; x_wconf 81' lang='lat' dir='ltr'>ruris</span> <span class='ocrx_word' id='word_1_188' title='bbox 1271 3227 1299 3276; x_wconf 80' lang='lat' dir='ltr'>el</span> <span class='ocrx_word' id='word_1_189' title='bbox 1326 3221 1357 3281; x_wconf 66' lang='lat' dir='ltr'><strong>h</strong></span> 
     </span>
     <span class='ocr_line' id='line_1_26' title="bbox 332 3325 1357 3413; baseline -0.001 -20"><span class='ocrx_word' id='word_1_190' title='bbox 332 3330 579 3411; x_wconf 60' lang='lat' dir='ltr'>posuissemus</span> <span class='ocrx_word' id='word_1_191' title='bbox 600 3351 653 3390; x_wconf 85' lang='lat' dir='ltr'>usu</span> <span class='ocrx_word' id='word_1_192' title='bbox 672 3333 888 3409; x_wconf 59' lang='lat' dir='ltr'>transeantur,</span> <span class='ocrx_word' id='word_1_193' title='bbox 908 3325 1074 3407; x_wconf 67' lang='lat' dir='ltr'>felt‘sitaum</span> <span class='ocrx_word' id='word_1_194' title='bbox 1095 3328 1215 3389; x_wconf 82' lang='lat' dir='ltr'>idenlsm</span> <span class='ocrx_word' id='word_1_195' title='bbox 1235 3351 1357 3413; x_wconf 78' lang='lat' dir='ltr'>quaere·</span> 
     </span>
     <span class='ocr_line' id='line_1_27' title="bbox 335 3443 1356 3526; baseline 0.002 -21"><span class='ocrx_word' id='word_1_196' title='bbox 335 3445 403 3523; x_wconf 78' lang='lat' dir='ltr'>bas,</span> <span class='ocrx_word' id='word_1_197' title='bbox 430 3449 510 3507; x_wconf 80' lang='lat' dir='ltr'>cuius</span> <span class='ocrx_word' id='word_1_198' title='bbox 538 3444 707 3507; x_wconf 80' lang='lat' dir='ltr'>desiderium</span> <span class='ocrx_word' id='word_1_199' title='bbox 734 3449 861 3508; x_wconf 67' lang='lat' dir='ltr'>amatum</span> <span class='ocrx_word' id='word_1_200' title='bbox 888 3453 951 3503; x_wconf 67' lang='lat' dir='ltr'>aas</span> <span class='ocrx_word' id='word_1_201' title='bbox 978 3447 1081 3507; x_wconf 81' lang='lat' dir='ltr'>onium.</span> <span class='ocrx_word' id='word_1_202' title='bbox 1124 3443 1230 3526; x_wconf 87' lang='lat' dir='ltr'>Atque</span> <span class='ocrx_word' id='word_1_203' title='bbox 1243 3443 1287 3523; x_wconf 62' lang='lat' dir='ltr'>,iu</span> <span class='ocrx_word' id='word_1_204' title='bbox 1305 3446 1356 3509; x_wconf 85' lang='lat' dir='ltr'>ltis</span> 
     </span>
     <span class='ocr_line' id='line_1_28' title="bbox 335 3552 1356 3638; baseline -0.006 -14"><span class='ocrx_word' id='word_1_205' title='bbox 335 3560 477 3624; x_wconf 87' lang='lat' dir='ltr'>sensibus</span> <span class='ocrx_word' id='word_1_206' title='bbox 503 3559 640 3638; x_wconf 88' lang='lat' dir='ltr'>habitat,</span> <span class='ocrx_word' id='word_1_207' title='bbox 671 3560 706 3621; x_wconf 93' lang='lat' dir='ltr'>hi</span> <span class='ocrx_word' id='word_1_208' title='bbox 729 3569 804 3621; x_wconf 88' lang='lat' dir='ltr'>sunt</span> <span class='ocrx_word' id='word_1_209' title='bbox 823 3552 1026 3616; x_wconf 78' lang='lat' dir='ltr'>fundamenta</span> <span class='ocrx_word' id='word_1_210' title='bbox 1047 3575 1180 3638; x_wconf 88' lang='lat' dir='ltr'>poeseos</span> <span class='ocrx_word' id='word_1_211' title='bbox 1202 3557 1356 3620; x_wconf 89' lang='lat' dir='ltr'>Tibullia·</span> 
     </span>
     <span class='ocr_line' id='line_1_29' title="bbox 336 3662 1354 3753; baseline 0 -17"><span class='ocrx_word' id='word_1_212' title='bbox 336 3694 405 3736; x_wconf 87' lang='lat' dir='ltr'>nae.</span> <span class='ocrx_word' id='word_1_213' title='bbox 445 3662 602 3736; x_wconf 74' lang='lat' dir='ltr'>Bellicos&#39;a</span> <span class='ocrx_word' id='word_1_214' title='bbox 619 3693 684 3735; x_wconf 90' lang='lat' dir='ltr'>non</span> <span class='ocrx_word' id='word_1_215' title='bbox 708 3683 774 3732; x_wconf 89' lang='lat' dir='ltr'>erat</span> <span class='ocrx_word' id='word_1_216' title='bbox 795 3669 890 3732; x_wconf 88' lang='lat' dir='ltr'>Musa</span> <span class='ocrx_word' id='word_1_217' title='bbox 910 3669 1045 3748; x_wconf 92' lang='lat' dir='ltr'>Tibulli,</span> <span class='ocrx_word' id='word_1_218' title='bbox 1074 3692 1131 3735; x_wconf 86' lang='lat' dir='ltr'>nec</span> <span class='ocrx_word' id='word_1_219' title='bbox 1153 3668 1191 3733; x_wconf 89' lang='lat' dir='ltr'>ad</span> <span class='ocrx_word' id='word_1_220' title='bbox 1213 3672 1354 3753; x_wconf 84' lang='lat' dir='ltr'>politicas</span> 
     </span>
     <span class='ocr_line' id='line_1_30' title="bbox 334 3783 1356 3867; baseline -0.004 -16"><span class='ocrx_word' id='word_1_221' title='bbox 334 3808 386 3851; x_wconf 89' lang='lat' dir='ltr'>res</span> <span class='ocrx_word' id='word_1_222' title='bbox 407 3786 608 3853; x_wconf 83' lang='lat' dir='ltr'>celebrandas</span> <span class='ocrx_word' id='word_1_223' title='bbox 627 3800 803 3867; x_wconf 83' lang='lat' dir='ltr'>propensa3</span> <span class='ocrx_word' id='word_1_224' title='bbox 827 3804 899 3847; x_wconf 87' lang='lat' dir='ltr'>cum</span> <span class='ocrx_word' id='word_1_225' title='bbox 920 3783 1124 3849; x_wconf 86' lang='lat' dir='ltr'>nihilominus</span> <span class='ocrx_word' id='word_1_226' title='bbox 1146 3784 1194 3847; x_wconf 88' lang='lat' dir='ltr'>bis</span> <span class='ocrx_word' id='word_1_227' title='bbox 1215 3783 1250 3846; x_wconf 90' lang='lat' dir='ltr'>in</span> <span class='ocrx_word' id='word_1_228' title='bbox 1271 3784 1356 3847; x_wconf 87' lang='lat' dir='ltr'>hune</span> 
     </span>
     <span class='ocr_line' id='line_1_31' title="bbox 335 3898 1354 3987; baseline -0.011 -18"><span class='ocrx_word' id='word_1_229' title='bbox 335 3924 479 3987; x_wconf 75' lang='lat' dir='ltr'>eampum</span> <span class='ocrx_word' id='word_1_230' title='bbox 497 3899 687 3969; x_wconf 67' lang='lat' dir='ltr'>dmoendere</span> <span class='ocrx_word' id='word_1_231' title='bbox 703 3899 842 3981; x_wconf 83' lang='lat' dir='ltr'>deberet,</span> <span class='ocrx_word' id='word_1_232' title='bbox 863 3903 951 3969; x_wconf 82' lang='lat' dir='ltr'>iuvat</span> <span class='ocrx_word' id='word_1_233' title='bbox 971 3902 1138 3966; x_wconf 79' lang='lat' dir='ltr'>observare</span> <span class='ocrx_word' id='word_1_234' title='bbox 1162 3908 1259 3981; x_wconf 79' lang='lat' dir='ltr'>quam</span> <span class='ocrx_word' id='word_1_235' title='bbox 1280 3898 1354 3960; x_wconf 86' lang='lat' dir='ltr'>scite</span> 
     </span>
    </p>
   </div>
   <div class='ocr_carea' id='block_1_6' title="bbox 406 4160 594 4230">
    <p class='ocr_par' dir='ltr' id='par_1_6' title="bbox 406 4160 594 4230">
     <span class='ocr_line' id='line_1_32' title="bbox 406 4160 594 4230; baseline 0 -14"><span class='ocrx_word' id='word_1_236' title='bbox 406 4160 594 4230; x_wconf 58' lang='lat' dir='ltr'>onam</span> 
     </span>
    </p>
   </div>
   <div class='ocr_carea' id='block_1_7' title="bbox 0 0 1525 4725">
    <p class='ocr_par' dir='ltr' id='par_1_7' title="bbox 0 0 1525 4725">
     <span class='ocr_line' id='line_1_33' title="bbox 0 0 1525 4725; baseline 0 0"><span class='ocrx_word' id='word_1_237' title='bbox 0 0 1525 4725; x_wconf 95' lang='lat' dir='ltr'> </span> 
     </span>
    </p>
   </div>
  </div>
 </body>
</html>
