3009 4725
329 446 420 491 xxxn
749 420 806 484 DE
829 420 930 484 VITA

331 604 425 668 etism
450 603 576 665 tertium
597 610 627 663 et
657 610 804 681 quartum
833 597 983 680 suffieit,
999 599 1034 664 in
1055 598 1144 664 maius
1164 599 1227 663 tine
1247 602 1348 661 mani·

332 720 412 782 lecto
439 715 618 780 Tibulliana
642 713 740 792 elegis
762 733 811 775 nr.
834 715 884 775 ts.
933 716 979 777 Ac
1007 713 1186 795 Lygdamus
1211 711 1347 797 quidem,

330 832 419 895 cuius
439 848 550 893 vorum
572 845 687 888 nomen
707 826 878 905 ignoratur,
899 826 1000 907 potuit
1021 828 1137 890 amicus
1157 847 1224 891 esse
1242 826 1349 888 iunior

330 942 466 1019 Tibulli,
495 939 613 1024 quippe
635 949 742 1017 nauis,
765 951 800 1001 ut
819 938 887 1020 ipse
909 939 998 1019 dicit,
1026 961 1099 1002 ann.
1121 947 1210 1017 711„
1239 933 1348 1024 quise

330 1057 371 1121 ad
391 1054 595 1118 intitutionem
616 1052 701 1115 Albii
722 1065 956 1134 composuerat,
992 1064 1145 1136 quantum
1165 1066 1270 1136 posset
1289 1049 1349 1135 pro

330 1171 447 1254 ingenii
466 1170 598 1233 ratione.
649 1167 766 1230 Credas
794 1167 1024 1251 propemodum
1049 1183 1188 1252 repertas
1209 1173 1265 1233 has
1285 1172 1348 1230 ele·

331 1289 395 1368 gius
416 1288 451 1348 in
472 1283 566 1346 domo
589 1281 723 1360 Tibulli,
752 1282 808 1364 qui
836 1282 967 1344 fortasse
994 1284 1061 1363 ipse
1084 1304 1134 1344 eas
1157 1269 1348 1344 emendatius

332 1401 425 1466 edere
452 1401 610 1475 voluerat,
642 1398 669 1459 si
698 1397 785 1481 quod
813 1399 970 1479 suspicor,
1002 1409 1145 1460 mortuus
1167 1410 1234 1460 erat
1254 1408 1347 1478 poeta

330 1525 545 1597 praemature:
577 1531 651 1573 nans
672 1530 744 1572 cum
767 1531 875 1574 omnes
896 1512 1092 1593 inperfectae
1114 1511 1192 1587 sint,
1214 1521 1348 1572 nonest

330 1642 437 1691 tamen
457 1626 599 1690 omnium
620 1624 737 1706 pariter
758 1625 917 1685 elaborata
942 1621 1134 1703 compositio.
1187 1623 1253 1684 lam
1274 1617 1346 1686 vide

331 1740 409 1826 quid
437 1741 534 1820 egisse
564 1751 672 1819 putem
703 1735 869 1800 editoremz
903 1735 1021 1797 Tmulti
1050 1756 1103 1798 eas
1131 1756 1197 1798 non
1224 1747 1348 1799 esseut

330 1851 489 1930 crederet,
521 1850 671 1914 suadebat
699 1829 818 1912 annus
834 1850 944 1911 natalis
974 1847 1115 1912 diversus
1144 1861 1175 1911 ct
1207 1851 1347 1911 macodo

330 1969 435 2033 multis
456 1965 556 2029 modis
576 1965 759 2046 imperfecta
787 1976 818 2028 et
845 1964 974 2044 vitiosa3
1004 1976 1114 2027 contra
1141 1975 1212 2025 ante
1240 1963 1347 2022 oculos

331 2093 399 2145 erat
420 2083 508 2144 color
529 2078 657 2162 quidam
678 2079 893 2155 Tibullionus,
922 2090 953 2137 et
973 2077 1072 2138 videri
1093 2085 1215 2154 poterat
1236 2074 1346 2134 Tibul·

330 2199 380 2258 lus
401 2194 460 2254 sub
490 2188 551 2250 alio
580 2190 707 2249 nomine
738 2188 883 2247 cecinisse
903 2187 1068 2267 positoque
1089 2186 1160 2247 ficto
1183 2206 1267 2247 anno
1289 2208 1346 2247 na·

329 2307 394 2385 toli,
416 2302 556 2368 sednon
579 2298 752 2361 admouisse
769 2299 908 2359 ultimam
924 2317 1059 2378 manum,
1082 2299 1344 2383 quemadmodum
1392 2315 1396 2320 ’

330 2424 422 2486 etiam
449 2408 550 2480 bodie
573 2418 675 2480 visum
705 2416 762 2476 est'
780 2412 985 2497 quibusdam3
1014 2417 1056 2477 ita
1083 2417 1151 2479 fieri
1179 2421 1283 2500 potuit
1312 2433 1347 2482 ut
1448 2458 1458 2473 ·

330 2537 486 2599 dubitaret
513 2533 627 2605 homo,
661 2541 803 2591 essentne
832 2549 887 2591 sae
918 2531 997 2593 alius
1023 2544 1133 2613 poetae
1156 2554 1196 2594 an
1217 2534 1345 2597 Tibulli.

328 2648 435 2726 Quare
457 2666 527 2708 cum
548 2644 685 2727 relinqui
706 2664 773 2707 non
793 2659 931 2735 possent,
952 2648 1070 2728 placuit
1090 2646 1191 2711 deleto
1209 2648 1346 2722 nomine,

327 2763 415 2848 quod
436 2765 512 2842 eleg.
533 2764 572 2839 ll,
587 2766 640 2822 29.
661 2763 696 2822 in
717 2765 861 2844 exemplo
882 2764 1042 2845 primitivo
1062 2765 1222 2845 legebatur
1243 2784 1344 2846 neque

326 2900 403 2944 vero
426 2880 589 2942 constabat
608 2897 718 2942 uerum
741 2889 823 2937 esset
849 2898 890 2937 an
919 2875 1041 2956 ficmm',
1069 2878 1266 2958 Lygdamum
1287 2899 1346 2941 no·

327 3015 402 3058 men
430 2996 619 3057 substituere
649 3004 679 3053 et
700 3011 772 3052 cum
793 2988 855 3051 hoc
876 2990 1004 3049 nomine
1025 3008 1077 3050 eas
1099 2988 1213 3051 addere
1234 2990 1344 3075 Tibul·

327 3108 429 3172 lienis.
469 3106 640 3171 Verissima
662 3103 745 3163 enim
766 3100 844 3160 mihi
864 3121 935 3162 cum
956 3099 1105 3163 Passovio
1128 3096 1175 3184 (in
1197 3100 1345 3164 Seebodii
1429 3172 1438 3189 .

327 3218 467 3306 Horres)
496 3239 607 3282 eorum
628 3206 753 3281 videtur
774 3215 941 3292 sententis,
976 3215 1033 3299 qui
1052 3215 1113 3277 hoc
1133 3233 1250 3277 nomeu
1272 3236 1344 3277 cum

326 3339 419 3400 Albio
450 3333 577 3395 nomine
605 3339 845 3410 compararunt,
880 3348 951 3389 cum
980 3328 1021 3390 sit
1048 3317 1169 3414 λύγδος
1196 3330 1285 3390 albus
1314 3343 1345 3391 et

326 3445 489 3527 Lygdinus
511 3462 599 3523 onyx
619 3440 756 3523 indeque
779 3437 927 3503 deductae
942 3439 984 3504 sd
997 3439 1165 3504 candorem
1180 3439 1354 3522 designem

327 3556 403 3618 dum
431 3554 668 3634 significationes
696 3566 790 3617 notae
820 3567 924 3617 essent
951 3556 1118 3638 Romanis3
1163 3578 1268 3641 neque
1295 3570 1344 3644 ta·

323 3692 400 3734 men
428 3669 573 3732 Tibullus
604 3690 697 3733 suum
724 3689 841 3732 nomen
869 3672 912 3733 sic
946 3674 1083 3749 obtexit,
1115 3683 1150 3733 ut
1180 3691 1343 3751 perperam

327 3796 509 3861 stanterunt,
530 3783 585 3846 sed
607 3783 709 3848 editor
725 3786 808 3861 libri,
830 3798 919 3849 acute
937 3789 1114 3869 suspicante
1130 3785 1344 3863 Lachmanno,

327 3900 372 3961 its
392 3901 559 3982 rescripsit,
580 3903 697 3982 optime
718 3902 762 3963 sic
784 3904 950 3963 nominans
972 3924 1054 3979 eum,
1077 3899 1133 3983 qui
1153 3921 1211 3963 nec
1232 3904 1343 3963 Albius

328 4012 494 4078 videbatur
515 4026 600 4077 certo
621 4015 684 4078 dici
704 4035 805 4096 posse,
827 4036 885 4078 nec
905 4035 972 4078 non
994 4016 1055 4077 dici
1070 4012 1190 4089 Albius,
1211 4026 1243 4075 et
1263 4026 1343 4073 esset

328 4128 417 4212 qussi
438 4130 498 4193 alia
519 4128 672 4211 quaedam
701 4147 836 4210 persona
863 4129 957 4195 dubis
979 4125 1077 4192 Albii.
1125 4126 1236 4212 Neque
1266 4150 1343 4192 sero
