3009 4725
312 380 372 436 106
542 375 822 444 COMMENTAB.
844 377 890 443 ΙΝ
912 379 1086 445 TIBULLI

310 553 442 630 posterum
461 547 650 617 felicissimam,
678 553 700 604 ai
727 554 847 605 restituta
865 551 1014 606 ualetudine
1032 567 1092 605 rure
1110 567 1200 605 seeum
1218 553 1286 605 visat
1305 559 1331 604 et

309 655 438 715 tamqnam
456 647 559 701 domins
584 656 612 701 et
635 649 829 704 materfamilias
851 652 937 704 omnis
957 656 1032 718 regat
1049 657 1077 703 ct
1098 655 1187 714 curet,
1212 649 1330 702 omuibus

309 750 419 817 praesit,
447 751 504 818 ipse
528 765 590 804 uero
613 750 675 804 nihil
693 753 728 805 sit
745 755 773 807 in
790 760 847 807 tots
865 755 951 807 domo.
989 755 1064 808 Quae
1087 752 1132 817 qui
1150 751 1232 817 legit,
1260 769 1328 817 quo-

308 848 386 902 modo
412 849 520 903 credere
548 857 635 919 potest
658 853 702 905 alii
728 854 784 906 viro
813 859 918 922 nuptam
945 849 1082 919 puellam?
1119 849 1326 911 desecemus

206 931 211 940 ²
308 947 412 1016 quidem
430 964 464 1002 eo
481 948 548 1003 adeo
567 966 722 1019 progressus
739 962 789 1016 est,
806 958 837 1003 ut
855 957 959 1019 poetam
976 951 1002 1002 iu
1021 949 1211 1001 matrimonium
1229 947 1326 1002 ducere

308 1020 421 1099 noluisse
441 1046 543 1100 Deliam
567 1063 601 1100 ex
625 1047 675 1101 lroc
694 1049 752 1101 loeo
771 1044 952 1112 concluderet,
978 1046 1004 1099 iu
1031 1062 1084 1114 qno
1108 1055 1194 1100 temen
1214 1046 1324 1112 fallitur,

307 1145 383 1200 liuius
404 1148 473 1200 enlm
498 1149 536 1200 rel
560 1149 657 1201 uultum
686 1154 772 1201 exstat
799 1148 824 1199 iu
850 1151 906 1200 toto
925 1148 1040 1200 carmine
1061 1146 1199 1213 vestigium
1217 1152 1325 1212 semum,

305 1245 353 1299 sed
371 1244 491 1299 Tibullus
508 1245 570 1298 illud
593 1252 692 1299 tuntum
716 1246 860 1313 significat,
888 1246 970 1299 iustsr
995 1250 1086 1300 uxoria
1110 1263 1140 1300 se
1163 1244 1259 1300 habere
1285 1247 1322 1298 ibi

306 1344 419 1398 voluisse
437 1346 514 1412 louge
536 1346 692 1400 carissimam
716 1348 837 1415 puellam.
873 1345 934 1399 ldoc
952 1354 1040 1401 sutem
1059 1347 1196 1416 perspicue
1216 1347 1317 1414 signiti-

306 1450 357 1497 ast.
394 1442 463 1497 Nihil
483 1445 563 1512 igitur
580 1445 680 1499 elliciss
698 1446 804 1513 dicens,
823 1461 889 1516 pace
907 1448 1025 1515 coniugis
1045 1448 1145 1502 Deliam
1163 1463 1209 1500 rus
1226 1448 1266 1501 ire
1284 1449 1324 1501 iu-

307 1540 408 1595 terdum
427 1545 544 1611 potuisse
562 1543 596 1596 ad
613 1543 761 1610 Tibullum,
789 1560 868 1613 quem
891 1545 932 1598 sir
956 1546 1007 1599 istc
1032 1548 1148 1611 noverit3
1175 1562 1235 1599 uam
1253 1548 1323 1600 nullo

305 1640 383 1694 modo
400 1643 486 1711 poluit
501 1649 582 1712 nupta
599 1643 625 1696 id
643 1645 715 1712 qnod
732 1644 854 1698 Tibullus
871 1648 898 1699 in
916 1646 1002 1700 mimo
1021 1645 1108 1712 babet,
1122 1647 1166 1713 qui
1184 1662 1236 1700 uon
1251 1662 1323 1700 men-

304 1755 348 1792 ses
366 1756 479 1809 paucos,
507 1742 554 1795 sed
580 1750 661 1797 totam
686 1746 765 1799 vitam
792 1747 916 1816 sperabat
940 1762 999 1800 cum
1017 1748 1100 1800 amica
1122 1745 1172 1801 boc
1194 1746 1272 1830 modp
1294 1763 1323 1800 se

304 1848 500 1895 munsterum.
535 1843 610 1912 Ergo
631 1846 715 1900 virum
739 1862 808 1899 nnuc
827 1847 903 1900 Delie
924 1862 976 1900 uon
1002 1845 1095 1911 babet,
1123 1852 1150 1900 st
1167 1848 1265 1899 nullum
1283 1853 1323 1899 est

304 1944 363 1996 tulis
386 1945 498 2012 coniugii
524 1947 551 1998 iu
577 1953 634 2001 toto
659 1950 774 2002 carmine
798 1951 953 2017 vestigium,
980 1950 1026 2002 aed
1055 1949 1141 2003 omniu
1168 1955 1322 2017 repugnant.

302 2043 338 2095 at
357 2043 466 2097 tortasse
483 2051 601 2097 mortuus
624 2052 665 2099 est
682 2061 760 2113 quem
778 2044 882 2113 habuit,
909 2055 938 2100 nt
962 2045 1125 2100 nibilominus
1143 2051 1203 2114 post
1220 2051 1321 2098 sextam

302 2143 400 2212 scripta
426 2159 484 2197 esse
513 2143 576 2198 baec
603 2147 693 2212 quinta
716 2135 840 2216 potuerit.
876 2146 984 2198 Minime
1010 2145 1103 2212 potnit.
1140 2143 1193 2198 Qui
1218 2148 1319 2194 sttents

303 2243 421 2311 primam,
437 2242 585 2310 secundum,
603 2245 715 2310 tertiam,
736 2246 851 2312 quintam
870 2243 979 2308 elegiam
998 2240 1091 2306 legerit
1108 2243 1136 2290 et
1151 2253 1320 2306 comparave-

302 2341 339 2394 rit
355 2356 413 2395 eum
431 2348 519 2409 sexta,
548 2342 624 2397 lacile
648 2344 776 2411 intelliget
794 2344 871 2410 longe
894 2340 1054 2404 molliorem,
1082 2335 1254 2407 pulchriorem
1277 2336 1318 2391 al-

304 2440 401 2495 lectum
418 2443 445 2495 iu
463 2444 513 2496 illis
532 2459 642 2512 regnare
660 2459 736 2511 quam
754 2444 780 2494 in
798 2449 888 2507 scuta,
911 2456 979 2508 qnae
1003 2438 1070 2492 dura
1093 2438 1172 2491 rerba
1197 2436 1321 2492 habetet

303 2546 434 2594 extremos
452 2551 559 2595 conatus
577 2543 611 2596 ad
629 2541 705 2595 fidem
724 2540 862 2595 revocandi
881 2541 1009 2610 puellam,
1029 2545 1058 2591 ut
1076 2539 1145 2591 illam
1165 2541 1321 2607 necessario,

303 2656 355 2695 uon
372 2641 458 2707 aliam,
477 2642 592 2695 nltimam
607 2642 695 2695 dicere
712 2641 854 2694 debeamus
869 2640 991 2704 omnium,
1009 2653 1076 2705 qnae
1092 2638 1183 2690 Deliae
1198 2638 1321 2707 scriptae.

303 2744 339 2795 nt
362 2742 430 2796 enim
453 2742 574 2796 valedicit
598 2743 690 2796 Deliae
711 2742 737 2796 iu
761 2744 813 2796 lius
832 2726 946 2809 ouiutae.
982 2739 1083 2803 Audio,
1110 2743 1138 2788 et
1162 2737 1211 2789 uisi
1236 2735 1321 2802 lailot,

302 2840 366 2896 bsec
382 2858 445 2896 vera
464 2857 541 2895 musa
559 2847 608 2907 est,
625 2856 706 2908 quare
724 2841 839 2894 Vossros
856 2845 883 2892 et
898 2840 1048 2893 Passennus
1066 2848 1126 2908 post
1141 2842 1243 2890 sertam
1261 2853 1318 2891 cam

302 2944 439 2996 voluerunt
455 2942 586 3010 seriptum.
622 2940 678 2994 Sed
696 2940 799 3009 decepti
818 2947 878 2993 sunt
896 2939 1041 2993 manifesto.
1079 2939 1146 2991 Cum
1163 2937 1214 2990 alia
1232 2939 1319 2991 omnis

302 3045 443 3113 postulent,
460 3050 490 3096 nt
509 3053 569 3094 aute
587 3046 689 3093 sextam
707 3058 766 3094 eam
785 3055 918 3110 ponamus,
936 3040 1023 3092 exitus
1039 3038 1132 3091 melius
1150 3036 1319 3105 explicandus

303 3147 358 3208 est,
376 3142 455 3209 idque
473 3140 599 3193 iaciemus
617 3140 703 3208 paullo
721 3145 781 3208 post
798 3139 823 3191 iu
842 3139 894 3190 tius
912 3137 987 3190 buius
1001 3136 1207 3190 introductionis.
1243 3137 1320 3190 Quae

302 3256 360 3294 cum
378 3242 415 3294 its
433 3241 499 3306 siut,
525 3240 617 3292 relicta
634 3240 727 3293 l'ossrr
746 3247 774 3293 et
791 3240 920 3294 Psssorm
944 3238 1073 3291 sententis
1095 3250 1222 3305 ponamus
1240 3236 1318 3289 ulium

303 3343 407 3394 omniuo
424 3357 509 3394 rerum
527 3339 652 3394 ordinem.
688 3340 730 3395 Its
748 3357 810 3394 vero
827 3340 899 3394 dicos
918 3339 1014 3393 Redur
1033 3338 1153 3391 Tibullus
1170 3353 1186 3390 e
1204 3337 1321 3403 Corcyra

303 3444 441 3490 auctumno
464 3454 523 3491 uun.
543 3441 605 3493 sut.
628 3441 743 3507 graviter
761 3444 940 3506 aegrotantem
965 3438 1063 3490 invenit
1081 3438 1197 3503 Deliam,
1224 3442 1270 3488 aut
1286 3451 1319 3488 ea

303 3538 391 3606 paullo
409 3543 469 3604 post
485 3539 576 3592 incidit
592 3542 618 3593 iu
636 3541 770 3606 morbum,
784 3541 964 3609 praestititque
980 3538 1099 3591 Tibullus
1115 3544 1170 3591 tum
1188 3554 1235 3603 ea,
1253 3552 1321 3604 quse

302 3637 330 3689 ln
353 3634 403 3688 boc
426 3636 539 3690 carmine
564 3638 667 3705 laudutff,
695 3639 801 3692 auxilia.
836 3638 950 3691 Volebat
966 3640 1061 3690 'nutem
1085 3651 1154 3688 nunc
1177 3634 1263 3688 redire
1287 3632 1321 3687 ad

303 3738 425 3792 rusticam
443 3735 536 3802 vitam,
557 3739 634 3793 etiam
652 3742 795 3807 gratiorem
813 3738 908 3792 iactam
926 3744 986 3807 post
1004 3738 1066 3790 belli
1084 3735 1232 3799 molestias,
1257 3746 1320 3800 spa-

303 3841 443 3907 rabstque,
461 3837 483 3890 sl
501 3839 704 3892 reooursluisset
716 3839 818 3907 puella,
838 3837 893 3891 lore
910 3843 941 3889 nt
959 3853 991 3890 ea
1009 3834 1114 3888 taudem
1132 3847 1221 3886 secum
1239 3831 1276 3883 ibi
1294 3829 1320 3882 in

302 3945 435 4009 posterum
459 3937 570 4007 degeret
592 3940 673 3992 instar
690 3941 789 3993 uxoris
824 3938 899 3993 Haec
917 3945 1004 3991 temen
1022 3937 1072 3990 iam
1091 3937 1159 3988 iuter
1176 3931 1320 3986 absentiam

301 4036 414 4102 Tibulli,
442 4043 472 4089 ut
490 4036 607 4103 ridetur,
632 4036 741 4090 aliorum
767 4037 900 4105 promissis
924 4051 1014 4089 aurem
1039 4035 1165 4104 praebere
1188 4035 1320 4100 coeperat.

302 4135 451 4204 Receperat
469 4137 574 4204 quidem
592 4140 696 4205 poetam
715 4141 773 4205 post
793 4133 903 4189 reditum
921 4141 950 4189 nt
968 4141 1042 4200 ante,
1061 4136 1215 4200 resurgente
1233 4129 1321 4199 priore
