3009 4725
311 345 361 417 56
613 342 798 415 TlBULLI
830 344 915 417 ΠΒ.
937 344 980 423 Π.
998 361 1024 418 5.

365 527 426 603 llle
451 527 533 601 levis
558 527 702 631 stipulae
729 531 891 607 solemnis
916 551 1018 634 potus
1045 560 1181 607 acervos

333 674 370 729 90
419 656 611 749 Accendet,
643 658 798 735 flammas
824 662 1057 764 transilietque
1082 688 1215 751 sacras,

361 788 406 861 Et
430 789 519 862 setus
543 807 700 866 matrona
726 793 839 883 dabit,
872 811 1038 894 natusque
1061 793 1196 893 parenti

413 918 542 993 Oscula
566 923 776 1020 comprensis
799 923 940 996 auribus
966 923 1104 1024 eripiet,

365 1050 436 1124 Nec
462 1050 612 1125 taedebit
635 1080 734 1126 avum
761 1081 867 1154 parvo
894 1053 1079 1154 advigilare
1104 1052 1221 1155 nepoti

408 1178 586 1282 Balbaque
609 1210 685 1255 cum
712 1210 821 1283 puero
848 1182 961 1257 dicere
986 1184 1089 1258 verba
1115 1209 1238 1257 senem.
1318 1199 1320 1202 ’

331 1308 476 1382 95Tune
502 1328 641 1410 operata
668 1311 733 1385 deo
760 1312 870 1413 pubes
897 1313 1089 1387 discumbet
1113 1312 1149 1385 in
1176 1311 1302 1399 herba,

412 1436 558 1510 Arboris
584 1439 743 1539 antiquae
771 1441 944 1541 qualevis
971 1441 1095 1515 umbra
1122 1440 1232 1530 cadit,

364 1563 436 1638 Aut
461 1592 479 1639 e
506 1585 597 1641 veste
623 1595 685 1643 sua
708 1569 848 1644 tendent
874 1570 1075 1645 umbracula
1100 1570 1198 1643 sertis

405 1696 546 1788 Vincta,
571 1717 754 1774 coronatus
780 1700 884 1774 stabit
908 1718 941 1774 et
967 1718 1044 1774 ante
1070 1699 1165 1773 calix.

370 1822 417 1898 At
442 1825 509 1900 sibi
536 1828 681 1930 quisque
708 1829 814 1931 dapes
840 1847 874 1904 ct
895 1830 999 1904 festas
1026 1845 1155 1903 extruet
1180 1825 1244 1901 alte

313 1968 368 2026 100
425 1953 619 2056 Cespitibus
644 1986 780 2033 mensas
807 1960 1059 2060 cespitibusque
1084 1975 1205 2031 torum.

371 2083 508 2182 Ingeret
531 2084 588 2160 hic
613 2105 715 2187 potus
737 2088 869 2161 iuvenis
894 2086 1074 2160 maledieta
1098 2081 1247 2184 puellae,

424 2212 508 2288 Post
531 2214 635 2287 modo
660 2240 747 2315 quae
772 2215 858 2288 votis
883 2215 980 2285 irrita
1003 2213 1091 2286 facta
1116 2210 1211 2283 velit:

372 2343 461 2419 Nam
486 2342 579 2416 serus
603 2340 659 2416 ille
683 2370 765 2416 suae
790 2341 940 2443 plorabit
964 2340 1101 2416 sobrius
1125 2341 1216 2414 idem

424 2474 470 2547 Et
494 2500 531 2547 se
554 2472 680 2548 iurabit
705 2491 818 2547 mente
844 2473 949 2547 fuisse
974 2472 1073 2547 mala.

316 2605 464 2679 105Pacc
490 2619 548 2711 tpa
571 2620 713 2704 pereant
736 2632 836 2678 arcus
861 2620 1069 2705 pereantque
1094 2602 1253 2701 sagittae,

423 2733 582 2824 Phoebe,
611 2733 717 2835 modo
742 2733 779 2808 in
806 2733 903 2807 terris
930 2750 1018 2807 erret
1039 2732 1178 2807 inermis
1204 2731 1322 2809 Amor.

374 2865 442 2939 Ars
456 2865 567 2939 bona:
592 2864 653 2938 scd
666 2882 848 2965 postquam
867 2864 1013 2965 sumpsit
1027 2863 1093 2937 sibi
1109 2863 1173 2937 tela
1188 2862 1333 2963 Cupido,

426 2995 501 3068 Heu
524 2994 592 3067 beu
614 3022 714 3094 quam
742 2993 857 3067 multis
884 3022 939 3066 ars
967 2991 1062 3066 dedit
1087 2991 1144 3065 illa
1167 2990 1312 3065 malum!

378 3123 421 3196 Et
445 3123 531 3196 mibi
552 3124 744 3224 praecipue.
770 3122 864 3197 iaceo
891 3150 969 3196 cum
995 3123 1132 3195 saucius
1156 3149 1282 3193 annum

318 3267 373 3324 110
427 3253 471 3327 Et
495 3253 590 3327 faveo
617 3252 756 3342 morbo,
790 3281 866 3326 cum
894 3252 987 3326 iuvat
1009 3252 1082 3351 ipse
1108 3248 1227 3338 dolor,

376 3387 494 3485 Usque
511 3414 597 3459 cano
610 3384 792 3474 Nemesim,
818 3384 891 3457 sine
904 3412 972 3484 qua
986 3408 1102 3454 versus
1119 3381 1203 3454 mibi
1219 3380 1333 3454 nullus

428 3515 541 3589 Verba
567 3533 678 3616 potest
699 3515 806 3588 iustos
833 3532 892 3588 aut
916 3510 1064 3612 reperire
1089 3510 1204 3609 pedes.

390 3694 495 3747 utto.
521 3710 592 3748 eum
615 3695 714 3748 iuvat
737 3694 812 3760 libri,
841 3694 920 3760 rotgo
945 3701 1002 3742 tom
1026 3689 1105 3743 iuvat
1130 3689 1163 3744 de
1187 3690 1336 3745 coniectura

318 3782 492 3836 Parsuntru.
546 3784 666 3837 sranius
694 3786 805 3838 coniecit
833 3782 904 3837 duni.
957 3782 1055 3835 Totum
1082 3783 1166 3835 locum
1194 3782 1273 3847 vulgo
1298 3783 1337 3834 eie

320 3870 520 3939 iuterpuogunt=
549 3874 587 3921 Et
608 3871 674 3922 arilei
695 3871 852 3939 praecipue,
878 3868 951 3921 iaceo
974 3888 1034 3921 cum
1054 3871 1164 3922 saueius
1184 3888 1283 3920 annum
1301 3896 1336 3907 -

320 3969 377 4011 tom
396 3962 475 4011 iuuat
499 3962 555 4028 ipse
572 3959 653 4012 (dolor.
668 3988 704 3999 —
739 3961 772 4013 V.
786 3964 844 4012 ttt.
868 3960 973 4030 Vixque
991 3961 1070 4025 vulgo
1091 3961 1172 4023 niele,
1195 3958 1264 4025 quod
1283 3959 1338 4024 pri·

319 4061 376 4097 mus
395 4049 488 4100 Annus
509 4046 581 4101 dedit
602 4050 743 4100 an.1515.
781 4047 890 4098 Frustra
912 4047 1028 4100 defendit
1046 4047 1214 4097 florentius
