3009 4725
293 375 354 429 238
529 363 873 428 contriturum
900 362 1070 424 'sinuum

294 539 367 591 acino
383 540 464 593 Purrr·
474 537 560 604 xvu,
575 542 619 604 22,
639 556 659 590 s.
673 545 717 606 tls,
732 545 775 594 1⁷.
795 541 902 594 Conna.
919 539 964 604 iv,
975 543 1019 591 27.
1035 541 1080 591 20.
1099 536 1147 604 ΧΙ,
1162 543 1189 604 2,
1206 543 1251 596 ts.
1264 548 1318 610 55,

293 639 327 688 ab
355 639 412 690 aliis
436 638 514 690 etiem
539 639 653 708 pluries,
679 639 712 691 cf.
734 642 809 695 Voss.
829 641 861 693 ad
881 641 953 707 virg.
973 642 1072 706 Georg.
1090 637 1125 703 ll,
1145 655 1171 707 p·
1188 643 1242 695 406
1259 661 1315 712 sqq.

294 736 372 791 erod
391 751 454 788 rere
474 735 542 789 idem
561 738 608 790 Vir
626 737 719 790 doetus
747 737 789 791 luc
813 738 847 790 de
866 741 928 791 solis
947 739 1141 792 canicularibus
1158 738 1250 792 diebus
1268 760 1315 795 co-

293 835 367 897 pitar,
386 841 486 886 aestate
505 834 607 888 demum
629 836 762 888 Nemesim
781 852 826 888 rus
844 837 993 889 discessisse
1012 853 1127 903 censens,
1151 840 1176 889 in
1195 855 1226 890 eo
1246 840 1314 892 talli-

293 939 351 996 tur;
369 933 433 984 abiit
446 949 514 986 vere.
540 935 657 1002 Denique
674 935 801 1002 pingue
816 936 922 987 solum
937 935 1062 1003 optimum
1079 936 1145 999 rino,
1160 935 1193 987 ei,
1205 937 1312 989 Conon.

294 1033 340 1098 ΙΙΙ,
357 1038 381 1085 Ι.
407 1034 483 1088 Voss.
504 1034 536 1086 sd
559 1037 630 1102 Virg.
650 1038 748 1101 Georg.
769 1035 802 1099 ΙΙ,
824 1054 850 1104 p.
865 1039 919 1086 858
934 1052 990 1101 sqq.
1010 1063 1046 1074 -
1064 1035 1096 1088 V.
1115 1039 1141 1086 7.
1159 1040 1186 1088 8,
1203 1041 1314 1088 secte·

294 1149 348 1183 rer
368 1140 527 1186 aratrum.
563 1134 658 1185 lterum
677 1134 745 1185 mule
766 1135 879 1186 Vossius
901 1135 1002 1186 nonnisi
1020 1133 1052 1185 de
1071 1134 1226 1185 auctumnali
1246 1135 1315 1184 circa

294 1231 483 1296 aequinoctium
501 1233 616 1283 aratione
635 1233 749 1310 cogitat,
767 1238 796 1284 tu
815 1233 894 1283 etiam
912 1248 1004 1285 vernas
1022 1234 1154 1285 arationes
1175 1233 1315 1296 intelliges,

294 1340 323 1383 nt
342 1347 399 1384 enm
420 1339 478 1400 post
503 1332 616 1400 Aprilem
641 1347 705 1396 ager
730 1332 848 1382 iteratur.
891 1333 973 1398 Sequi
998 1334 1054 1383 vult
1080 1341 1157 1400 poeta
1180 1331 1313 1383 Nemesim

294 1432 353 1497 ipso
377 1447 446 1484 vere.
471 1458 507 1468 -
542 1444 679 1482 curvum
710 1436 819 1498 propter
844 1429 943 1495 burim,
971 1438 1000 1482 ut
1025 1436 1143 1494 constat,
1172 1428 1207 1482 et.
1231 1429 1317 1481 l'rsc.

295 1534 393 1596 Georg.
413 1529 434 1594 Ι,
455 1534 512 1581 lto.
557 1531 592 1580 nt
617 1543 729 1592 uncum,
755 1528 881 1580 aduncum
902 1535 1014 1581 aratrum
1033 1528 1127 1582 dicitur
1145 1534 1252 1596 propter
1270 1542 1316 1579 ro-

295 1645 401 1681 merem.
419 1656 455 1666 —
488 1627 632 1679 steriles
659 1627 781 1692 boves,
807 1629 934 1680 testiculis
957 1629 1098 1695 demessis,
1122 1634 1149 1681 et
1166 1629 1188 1680 si
1207 1628 1317 1681 lemicae

296 1736 384 1792 eraut,
410 1729 486 1779 sulca
510 1731 643 1790 extracta,
670 1733 700 1778 ut
723 1733 797 1778 notat
816 1728 947 1779 Vucsrus.
992 1732 1028 1780 At
1045 1729 1112 1781 euim
1132 1743 1216 1781 nonne
1235 1730 1318 1779 otiosa

295 1837 356 1884 suut
374 1828 438 1880 llaec
457 1826 571 1895 epitheta
590 1843 704 1881 catores,
723 1826 838 1884 seculis,
857 1834 884 1879 et
901 1828 982 1879 solius
1001 1834 1108 1880 umatus
1126 1829 1220 1896 poetici
1239 1842 1316 1878 causa

296 1931 404 1999 posita?
442 1929 501 1982 Non
521 1928 609 1980 credo.
646 1927 741 1980 Addita
759 1935 835 1993 suut,
860 1935 890 1980 ut
908 1929 963 1997 ipsa
984 1930 1097 1996 vulgaris
1118 1928 1207 1981 lrarurn
1230 1943 1316 1980 rernm

295 2033 362 2084 ratio
377 2029 575 2082 describeretur.
611 2027 692 2079 Plane
710 2034 738 2079 ut
757 2028 872 2094 agricola
890 2028 969 2094 vulgo
986 2044 1093 2081 currum
1110 2035 1223 2081 anuum
1240 2041 1316 2078 suurn

297 2131 429 2198 sequitur,
449 2127 519 2196 quod
537 2126 640 2180 steriles
658 2127 739 2179 bores
758 2127 876 2191 trahunt,
894 2128 933 2178 sic
950 2142 1016 2192 ego,
1035 2128 1080 2191 ait,
1098 2127 1120 2178 si
1140 2126 1215 2179 modo
1233 2125 1317 2178 domi-

297 2245 356 2281 uam
382 2226 510 2281 interdum
532 2227 653 2278 viderem.
693 2242 808 2282 curvus,
834 2223 903 2290 quod
923 2226 1035 2277 Vossius
1054 2228 1154 2293 recepit
1179 2233 1205 2278 et
1223 2226 1317 2277 Bruu-

297 2347 365 2396 uus,
391 2343 494 2398 sperne.
538 2325 609 2382 Quid
637 2326 726 2378 enirn?
770 2326 888 2378 Crassius
915 2327 951 2378 itu
981 2332 1058 2395 poeta
1084 2329 1243 2396 exprimeret
1269 2326 1319 2383 lroc

298 2431 398 2497 ipsum,
426 2427 496 2495 quod
525 2428 653 2495 explicata
673 2428 751 2480 modo
771 2427 884 2497 epitheta
903 2429 1046 2495 elegantius
1064 2429 1173 2482 intrarunt
1191 2437 1219 2482 et
1237 2446 1319 2497 quau·

298 2537 352 2580 ιιιιιι
377 2530 447 2580 satis.
466 2555 502 2566 -
537 2527 616 2579 Dum
649 2526 831 2595 subigunt,
861 2529 977 2581 suaviter
1003 2545 1042 2598 pr.
1066 2529 1127 2583 duur
1154 2533 1318 2598 subigerent.

298 2628 525 2681 Constructionem
550 2630 692 2697 particulae
717 2629 780 2680 <lum
805 2646 863 2683 curu
884 2632 1012 2699 praesenti
1030 2637 1163 2699 tempore,
1188 2630 1232 2683 nbi
1250 2632 1318 2683 alte-

298 2744 355 2781 rum
380 2729 487 2780 verbum
515 2730 701 2797 praeteritum,
726 2730 854 2797 exemplis
878 2729 1016 2781 illustrarit
1041 2730 1155 2780 Vossius
1173 2728 1207 2780 ad
1227 2730 1318 2794 Virgil.

298 2832 398 2896 Georg.
416 2828 463 2893 lv,
490 2847 515 2897 p.
535 2833 597 2881 620·
631 2829 793 2880 Hurnuosur.
812 2829 845 2880 ad
865 2829 958 2882 Horat.
978 2830 1033 2881 Sat
1054 2828 1075 2893 l,
1093 2832 1120 2895 s,
1138 2833 1182 2883 72.
1209 2836 1236 2881 et
1254 2844 1319 2896 quos

299 2928 340 2981 luc
359 2927 456 2980 luudat.
494 2924 568 2978 Adde
585 2927 697 2978 maxime
715 2927 869 2979 llruuurcrr.
889 2925 922 2978 ed
942 2927 1060 2980 Ciceron.
1080 2928 1234 2981 Orationum
1252 2929 1319 2981 Par-

298 3036 339 3081 tes
357 3026 467 3080 ineditas
493 3044 517 3095 p.
536 3030 571 3077 75
589 3042 645 3093 sqq.
683 3028 871 3080 suavissimum
895 3025 945 3079 lroc
970 3029 1048 3081 etiam
1074 3027 1130 3095 lric,
1156 3030 1200 3081 ubi
1218 3045 1273 3082 rem
1291 3036 1320 3081 ut

298 3131 329 3181 lit
347 3130 421 3196 quusi
440 3126 474 3180 olo
499 3127 589 3178 oculos
606 3131 684 3191 atque
702 3126 728 3177 in
748 3132 891 3194 conspectu
911 3132 1001 3179 nostro
1021 3143 1117 3197 ponere
1135 3130 1198 3181 nult
1235 3130 1321 3194 Atque

298 3224 359 3280 irinc
377 3229 540 3280 nuncetiam
561 3225 713 3279 indicativus
732 3236 773 3280 est
792 3240 807 3279 a
827 3235 904 3296 poeta
925 3231 1025 3297 positus
1043 3236 1073 3282 ut
1088 3230 1113 3282 iu
1132 3231 1190 3283 vira
1208 3229 1320 3296 imagine

300 3325 353 3389 rei,
377 3327 438 3378 iicet
456 3324 621 3396 hypothetice
640 3326 674 3378 sit
691 3334 781 3379 cetera
799 3329 975 3394 constructio,
1000 3329 1045 3381 ubi
1063 3330 1252 3382 coniunctirum
1272 3344 1321 3380 ex-

300 3430 473 3492 spectaveris,
502 3428 717 3496 quemadmodum
744 3430 767 3481 is
793 3429 818 3481 iu
844 3430 948 3497 obliqua
974 3432 1092 3484 oratione
1116 3433 1195 3498 vulgo
1218 3431 1321 3498 ponitur

302 3528 361 3589 post
379 3522 452 3575 <luna
489 3527 544 3578 Sed
568 3530 645 3580 etiarn
663 3530 689 3578 iu
713 3525 762 3580 hnc
784 3527 907 3581 'factrus
928 3529 1033 3596 quidem
1050 3530 1214 3584 indicativum
1232 3527 1319 3592 lubet,

301 3622 333 3676 el.
358 3622 483 3677 Ennnsr.
512 3624 545 3676 ad
569 3626 639 3679 Hist.
660 3626 707 3693 ΙΙΙ,
724 3632 770 3680 38.
816 3627 925 3680 Frustra
950 3629 1030 3695 igitur
1054 3630 1169 3682 Vossrus
1193 3625 1323 3700 subigant

301 3725 404 3794 scripsit
422 3723 540 3776 omnibus
558 3726 629 3779 libris
652 3727 747 3782 inritis.
791 3727 849 3782 Nec
869 3730 1013 3781 Huscurre
1031 3732 1158 3782 assentior
1175 3729 1220 3795 qui
1239 3727 1324 3794 expli-

302 3834 357 3878 cat:
382 3825 514 3893 agricolae
534 3825 626 3891 modo,
644 3844 666 3881 s.
684 3829 753 3880 sicut
771 3829 887 3895 agricola
905 3834 1018 3879 aratrum
1037 3834 1154 3880 sectatur
1172 3826 1232 3878 dum
1251 3825 1325 3877 subi-

301 3933 366 3991 gunt
391 3927 485 3992 boves,
509 3928 603 3979 callide
628 3928 666 3980 sic
690 3926 881 3997 hypotheticam
907 3928 1125 3980 constructionem
1152 3941 1324 3979 summovens.

302 4023 441 4076 Pulclrrins
459 4040 522 4077 vero
541 4024 609 4077 ΙιιιιιΙ
630 4025 708 4079 dubie
727 4026 761 4077 ad
782 4026 863 4093 ipsius
882 4024 981 4076 Tibulli
1000 4028 1095 4079 stantis
1114 4028 1228 4095 speciem
1247 4040 1326 4092 quarn

303 4119 336 4172 ad
356 4124 496 4189 agricolum
517 4141 619 4181 comma
637 4136 783 4183 revocatur.
820 4129 944 4182 Ceterum
962 4143 1021 4182 cum
1038 4130 1200 4180 Gronovius
1216 4127 1250 4179 nd
1268 4125 1326 4178 ΙΙΙ.

1485 1042 1495 1077 l
