3009 4725
355 404 448 447 coum
769 380 826 444 DE
849 377 971 446 POESl

353 549 529 614 sinuatione
558 549 729 613 sententiae
756 570 816 632 pro
843 551 975 615 relativo
1008 551 1145 615 suaviter
1174 574 1193 613 a
1222 555 1382 622 veteribus

354 664 572 746 repetitionem
595 664 731 725 nominis
753 664 787 725 in
809 663 940 728 secundi
959 686 1069 729 versus
1091 665 1197 744 initio,
1229 670 1286 730 uhi
1316 669 1378 731 iam

354 777 528 838 accuratius
560 773 738 854 designatur
768 796 819 838 res
844 775 996 855 indicata,
1027 799 1100 841 raro
1121 778 1280 859 adhibuit,
1311 802 1376 843 nou

355 885 449 950 credo
472 908 543 950 casu
567 889 693 970 lactum.
736 888 822 951 Dicit
845 891 936 968 11,2,
960 895 1012 954 ts.
1036 896 1096 956 19:

479 1002 640 1085 Flavaque
662 1002 808 1082 coniugio
829 1003 955 1066 vincula
975 1016 1082 1086 portet
1097 1003 1211 1080 Amor,

437 1114 587 1191 Vincula,
617 1136 698 1198 quae
720 1129 867 1178 maneant
888 1137 1013 1200 semper
1039 1129 1097 1183 cet.
1158 1145 1163 1154 ·

352 1237 385 1288 et
409 1225 670 1306 11,5,so.31:

484 1339 619 1402 Garrula
640 1341 775 1403 silvestri
796 1340 899 1405 fistula
920 1365 1007 1407 sacra
1027 1343 1104 1422 deo,

402 1520 404 1522 ,
439 1451 576 1529 Fistula,
600 1454 651 1515 cui
672 1476 796 1536 semper
817 1455 966 1520 decrescit
986 1456 1148 1520 arundinis
1168 1450 1261 1528 ordo,

352 1565 519 1627 nervosius
550 1579 584 1628 ut
603 1568 643 1629 sit
666 1567 792 1630 initium
812 1571 988 1632 hexametri
1012 1591 1038 1633 s.
1058 1567 1184 1631 distichi
1212 1564 1372 1648 sequentis

353 1679 476 1762 (similis
494 1680 647 1764 Lygdami
667 1706 757 1763 usus,
779 1683 833 1763 ΙΙΙ,
848 1692 877 1764 5,
892 1686 945 1768 2):
967 1685 1023 1748 sed
1044 1689 1105 1749 hoc
1124 1705 1175 1747 res
1198 1685 1267 1765 ipsa
1282 1680 1375 1745 docet

353 1781 417 1856 nisti
438 1815 530 1876 posse
554 1817 646 1880 saepe
669 1799 786 1862 iterari.
836 1797 974 1863 Omnino
1002 1801 1064 1863 hoc
1089 1799 1215 1863 schema
1235 1798 1374 1879 plerum·

352 1928 415 1991 que
434 1909 619 1990 exquisitius
644 1923 689 1974 est
712 1925 741 1974 ct
763 1934 823 1994 pro
843 1917 966 1978 ratione
986 1915 1131 1978 locorum
1152 1932 1235 1973 nunc
1256 1908 1374 1988 magni·

350 2019 506 2082 licentiam
528 2021 684 2103 quandam
713 2026 809 2092 habet
836 2041 871 2092 ut
900 2029 934 2090 in
960 2029 1048 2109 epica
1067 2025 1156 2108 poesi
1182 2045 1211 2086 v.
1234 2041 1259 2082 c.
1281 2022 1372 2098 Virg.

350 2135 429 2197 Aen.
448 2133 490 2211 X,
515 2140 593 2198 180:

435 2279 477 2290 -
498 2280 542 2293 -
564 2280 609 2295 -
628 2254 672 2297 -’-
691 2285 735 2297 -
757 2246 909 2332 Seqnitur
933 2243 1163 2329 pulcherrimus
1186 2245 1294 2319 Astur,

477 2359 575 2422 Astur
596 2381 677 2444 equo
701 2359 819 2436 fidens,

350 2493 390 2533 ne
413 2471 451 2534 dc
473 2474 611 2537 Homero
633 2472 751 2550 dicam,
777 2496 862 2537 nunc
882 2475 1101 2537 mollissimum
1123 2484 1168 2535 est
1191 2482 1222 2534 et
1245 2470 1370 2533 affectui

349 2586 486 2649 molliori
515 2586 645 2649 inservit
667 2601 722 2650 aut
737 2588 903 2665 ,venustati
910 2632 919 2667 ,
954 2602 989 2650 ut
1014 2589 1050 2648 in
1079 2584 1177 2665 elegia
1200 2583 1370 2667 Propertii,

349 2720 379 2760 v.
393 2719 420 2760 c.
440 2698 473 2777 I,
498 2703 535 2775 3,
556 2704 618 2761 25:

432 2808 609 2894 Omniaque
630 2813 751 2892 ingrato
775 2812 914 2891 largibar
934 2832 1066 2875 munera
1089 2832 1220 2892 somno,

475 2926 612 2987 Munera
634 2923 673 2986 de
694 2944 799 3007 prono
822 2945 916 3007 saepo
936 2926 1045 2989 voluta
1066 2926 1149 2988 sinu.

346 3047 378 3099 et
399 3035 475 3099 ibid.
495 3042 554 3100 31:

432 3150 544 3211 Donec
565 3148 702 3213 diversas
726 3166 916 3229 percurrens
938 3149 1015 3209 luna
1037 3148 1207 3227 fenestras,

472 3263 564 3326 Luna
586 3264 755 3324 moraturis
778 3260 888 3325 sedula
910 3262 1084 3325 luminibus
1107 3274 1165 3323 cet.

347 3374 432 3445 etl,
458 3383 514 3453 11,
536 3380 596 3437 29:

432 3486 483 3547 Tu
509 3486 604 3550 modo
627 3487 879 3569 quamprimum
904 3495 1065 3565 corruptas
1086 3481 1194 3545 desere
1214 3480 1316 3541 Baias.

473 3597 582 3659 Multis
605 3601 662 3660 ista
684 3597 802 3659 dabant
823 3597 930 3659 littora
951 3595 1131 3669 dissidium,

252 3762 257 3773 .
431 3710 568 3788 Littera,
597 3733 677 3795 quae
699 3713 826 3793 fueraut
850 3712 940 3773 castis
965 3707 1089 3771 inimica
1112 3705 1237 3789 puellis.

343 3822 433 3887 Adde
463 3825 510 3901 Π,
539 3829 572 3902 1,
600 3831 652 3886 52.
682 3825 729 3903 ll,
757 3832 794 3902 7,
823 3828 872 3886 18.
925 3820 988 3886 Sed
1015 3820 1067 3883 hic
1096 3841 1170 3883 usus
1197 3817 1318 3881 alienus
1348 3839 1367 3878 a

343 3938 463 4000 Tibulli
491 3938 591 4019 poesi.
639 3937 750 3998 Aliena
779 3935 872 3997 eliani
898 3936 1106 4017 epaundr'pbsis
1129 3944 1191 4010 est,
1220 3952 1251 3993 v.
1266 3951 1293 3991 c.
1318 3928 1367 3989 Ab

343 4048 512 4131 Corydon,
545 4045 714 4130 Corydon!
749 4060 804 4109 aut
825 4046 907 4129 apud
931 4047 1040 4107 Horat.
1090 4040 1226 4117 Occidit,
1256 4040 1367 4103 occidit
