3009 4725
490 437 682 513 TIBULLI
715 440 802 516 ΗΒ.
823 444 849 517 1.
870 460 898 519 a⁴
1152 465 1199 537 31

219 624 281 702 Vel
302 649 381 699 cum
408 622 593 725 promittit,
624 624 739 700 subito
765 628 829 704 sed
853 632 987 734 perfida
1014 638 1118 734 fallit,

265 754 328 828 Est
353 752 440 827 mihi
458 781 536 859 ‘nox
558 751 673 828 multis
698 756 891 856 evigilanda
916 763 1025 841 malis.

176 884 310 956 onum
335 881 421 956 mihi
443 900 621 957 venturam
646 881 752 984 lingo,
779 888 1009 996 quodcunque
1038 917 1200 994 movetur,

268 1010 366 1084 lllius
389 1008 492 1085 credo
518 1027 599 1086 tunc
628 1015 785 1089 sonuisse
809 1018 953 1118 pedem'

224 1141 377 1216 Desistas
401 1141 595 1234 lacrimare,
626 1169 732 1245 puer:
769 1176 839 1223 uon
867 1150 1037 1252 frangitur
1060 1158 1135 1251 illa,

268 1269 312 1350 Et
338 1286 395 1345 tua
421 1270 488 1345 iam
512 1270 594 1345 lietu
620 1269 751 1349 lumina
776 1276 866 1353 sessa
890 1296 1030 1359 tument.

216 1396 393 1491 Oderunt,
428 1398 581 1492 Pholoe,
613 1428 756 1497 moneo,
790 1405 928 1485 fastidia
951 1411 1041 1506 divi,

174 1537 211 1592 70
263 1528 335 1602 Nec
358 1528 504 1631 prodest
526 1531 655 1607 sanctis
680 1550 758 1609 tura
784 1535 919 1614 dedisse
943 1539 1040 1618 locis.
1067 1551 1069 1556 ’

217 1654 283 1730 llic
306 1657 488 1734 Marathus
515 1660 692 1763 quondam
714 1664 856 1742 miseros
880 1667 1021 1748 ludebat
1034 1694 1196 1770 amantes,

261 1786 405 1862 Nescius
427 1789 570 1866 ultorem
597 1812 677 1895 post
701 1814 806 1898 caput
830 1825 903 1873 esse
930 1800 1051 1879 deum:

216 1911 326 2015 Saepe
354 1915 454 1991 etiam
475 1917 622 1997 lacrimis
650 1922 761 1999 fertur
784 1927 900 2002 risisse
926 1930 1072 2008 dolentis

264 2044 308 2118 Et
333 2047 498 2148 cupidum
523 2050 602 2128 fieta
633 2053 820 2131 detinuisse
844 2085 959 2133 mora:

170 2172 313 2250 75Nuuc
337 2177 450 2252 omnis
474 2179 548 2255 odit
572 2181 700 2276 sastus,
728 2214 821 2263 nunc
848 2188 1006 2291 displicet
1028 2188 1078 2264 illi

263 2303 501 2412 Quaecunque
526 2315 685 2415 opposita
706 2335 758 2391 est
778 2318 883 2395 ianua
909 2318 996 2395 dura
1021 2349 1105 2397 sera.

214 2430 258 2504 At
282 2451 313 2508 te
335 2464 447 2538 poena
473 2460 606 2533 manet,
636 2444 673 2518 ni
700 2445 829 2523 desinis
854 2477 926 2525 esse
949 2453 1106 2555 superba.

266 2560 378 2658 Quam
401 2570 517 2670 cupies
543 2572 629 2646 votis
654 2574 747 2650 hunc
773 2604 932 2653 revocare
956 2579 1065 2655 diem!

240 2878 271 2934 V.
279 2882 322 2934 64.
341 2883 426 2938 modia
436 2886 516 2942 lusus
528 2895 555 2943 ot
564 2892 660 2946 Annus
673 2893 749 2960 moto,
766 2893 861 2947 frustm
872 2891 1189 2952 deieudeuteliuscmo.

238 3006 327 3063 VM.
354 3011 475 3081 pedem
502 3023 584 3070 recte.
630 3019 683 3073 Alii
708 3019 766 3074 iibri
791 3021 859 3075 maie
878 3021 968 3091 pedes.
1014 3021 1082 3077 Nom
1107 3037 1187 3092 supra

165 3102 188 3169 1,
202 3108 230 3171 6,
243 3110 288 3163 62.
305 3109 436 3180 strepitus
452 3113 552 3183 pedum
569 3118 621 3170 alia
638 3134 688 3173 res.
725 3119 833 3173 adiecta
847 3135 899 3174 vox
916 3120 1049 3190 strepitus
1065 3121 1143 3188 lacit,
1156 3127 1187 3175 ut

164 3203 243 3256 ambo
270 3206 351 3275 pedes
379 3212 510 3278 cogitandi
539 3215 592 3268 siut
617 3224 740 3272 concreta
766 3218 879 3272 notione.
935 3221 971 3273 At
997 3221 1024 3272 iu
1052 3220 1183 3274 locutione

163 3311 270 3365 ‚mitat
290 3306 362 3372 μεθ’
385 3314 432 3362 aut
451 3311 567 3379 „pedem
587 3332 686 3384 ponere
712 3314 787 3369 nullo
804 3315 891 3369 sono”
914 3317 1041 3384 1,s‚20.
1058 3319 1188 3371 abstracta

163 3399 238 3452 notio
266 3401 381 3472 obtinet,
416 3409 625 3478 quandoquidem
653 3429 703 3468 uou
729 3415 763 3469 do
790 3428 897 3469 numero
921 3416 1024 3484 agitur,
1060 3431 1126 3469 uuus
1153 3417 1189 3469 cli

162 3511 195 3548 an
225 3498 328 3567 plures,
363 3504 410 3558 sed
436 3507 501 3561 iilud
526 3510 610 3564 solum
633 3518 782 3581 spectatur,
817 3511 911 3583 pedem
939 3529 1007 3569 esso·
1052 3513 1128 3570 Cotti.
1152 3513 1187 3567 ad

162 3591 189 3658 1,
211 3598 245 3663 s,
263 3601 306 3651 47.

233 3721 266 3777 V.
276 3727 321 3778 ra.
344 3725 518 3797 lacrimis,
537 3735 706 3800 exquisitiore
730 3738 937 3804 constructione,
960 3753 1115 3807 quamquam
1140 3735 1186 3788 lo-

161 3815 274 3886 crimaa,
310 3822 380 3890 quod
408 3827 434 3878 io
460 3831 532 3895 eliis,
561 3832 671 3887 sortasse
698 3835 855 3904 simplicitati
877 3836 999 3890 dictionis
1023 3835 1187 3889 Tibullianae

70 3944 76 3951 =
158 3918 242 3984 megia
267 3923 396 3974 convenit„

230 4044 262 4098 V.
274 4050 317 4099 to.
336 4053 500 4116 oppositu
518 4062 583 4122 esi,
602 4057 676 4112 benc.
713 4059 801 4127 Vulgo
817 4059 944 4131 apposita
963 4072 997 4114 cx
1015 4058 1082 4114 libro
1095 4059 1186 4114 sren-

156 4154 226 4193 rms
243 4158 260 4196 a
280 4143 465 4204 Bsouruusro
491 4161 633 4222 receptum.
