3009 4725
609 449 795 515 TIBULLI.
1092 472 1214 516 cxxxm

192 620 373 708 Opponitur
406 620 460 686 bic
495 616 665 684 secundum
701 616 857 682 distichon
892 597 993 701 primo
1024 632 1055 683 et
1084 593 1211 682 tertium

190 752 319 822 quarto,
353 749 385 801 et
415 734 604 800 describitur
629 733 677 798 vis
704 753 796 815 sagae
816 737 881 815 'per
909 751 1023 816 supero
1051 744 1084 795 et
1109 733 1213 794 infera

189 854 258 916 loca
280 851 443 934 pertinens
474 847 597 920 duobus
619 847 749 929 pambus
772 845 977 916 distichorum
1002 847 1061 923 sic,
1091 858 1126 912 ut
1147 845 1213 927 pri-

193 987 279 1027 mum
294 985 425 1046 superae
444 977 476 1026 et
492 962 612 1024 inferne
630 982 682 1025 res
699 973 937 1042 componantur,
958 958 1071 1022 deinde
1087 957 1213 1022 inverso

196 1076 306 1138 ordine
322 1078 440 1139 inierae
458 1088 489 1138 et
504 1095 648 1157 superae.
689 1071 778 1150 Quae
796 1070 963 1135 admodum
981 1072 1086 1136 suavis
1102 1072 1215 1134 forma.

139 1205 140 1208 ’
197 1189 371 1253 lllcmoravi
390 1191 474 1252 hunc
492 1190 600 1253 locum
620 1189 683 1250 inm
703 1207 815 1268 supra,
836 1208 907 1251 cum
928 1183 966 1247 de
988 1167 1212 1266 compositione

195 1298 437 1383 descriptionum
464 1300 551 1385 apud
576 1301 740 1366 Tibullum
765 1298 909 1364 dicerem.
956 1297 1020 1361 Sed
1048 1317 1133 1360 nunc
1155 1299 1214 1360 ob-

191 1437 282 1479 serva
303 1417 396 1478 etiam
416 1416 452 1478 in
472 1415 549 1499 ipsis
571 1413 711 1477 distichis
727 1425 844 1497 qaranta
865 1415 904 1475 sit
926 1412 1117 1494 concinnitas
1134 1409 1213 1475 divi·

190 1530 326 1591 sionum.
367 1528 491 1611 Nempe
519 1525 651 1612 propria
679 1528 739 1589 luit
758 1527 885 1588 'libullo
909 1526 987 1586 llaec
1014 1525 1059 1587 vis
1087 1525 1213 1605 ingenii,

192 1655 228 1704 ut
256 1641 374 1725 ubique
405 1663 439 1706 se
470 1640 500 1704 ei
531 1640 701 1704 divisiones
730 1659 838 1702 rerum
869 1637 992 1716 faciles,
1031 1636 1213 1701 commodae

195 1754 346 1815 onmem
361 1765 394 1816 et
407 1754 491 1817 hene
503 1755 639 1819 formam
652 1756 805 1838 pleraque
824 1750 928 1817 omnia
944 1753 1112 1829 haberent,
1131 1771 1212 1835 quae

197 1864 361 1943 cogitaret,
386 1864 471 1929 unde
491 1868 607 1930 lactum
628 1879 666 1930 ut
691 1867 847 1950 exquisita
866 1866 986 1947 pariter
1005 1887 1043 1927 ac
1061 1865 1213 1947 simplicia

195 1978 227 2039 in
250 1978 312 2040 hoc
330 1997 444 2057 genere
466 1979 638 2043 felicissime
659 1991 823 2057 tractaret,
849 1976 1113 2061 quemadmodum
1135 1978 1214 2040 nibil

194 2102 241 2154 eat
271 2092 332 2154 boc
364 2091 435 2154 loco
468 2092 502 2153 in
536 2091 591 2156 tali
624 2114 737 2174 genere
771 2090 1004 2174 compositionis
1036 2090 1213 2172 perisetins.

191 2201 280 2267 Adde
300 2225 387 2267 nunc
406 2202 492 2288 quod
506 2205 543 2267 in
560 2204 756 2267 antecedenti
773 2205 872 2287 capite
894 2205 1010 2268 fortnas
1030 2200 1213 2283 dcmriptlo·
1269 2185 1272 2190 ¹

192 2337 283 2397 num,
303 2318 420 2401 quibus
440 2319 558 2381 referta
572 2318 693 2381 Tibulli
712 2319 817 2402 poesis
838 2321 899 2397 est,
923 2316 964 2380 ad
983 2315 1212 2381 distinctionem

192 2445 368 2495 accuratam
388 2433 528 2513 partium
549 2432 727 2496 notavimus
747 2432 852 2498 redire
874 2453 998 2510 omnes,
1023 2430 1104 2495 adde
1125 2431 1213 2514 quod

196 2544 357 2607 universae
378 2546 493 2626 elegiae
511 2545 709 2608 Tibullianae
730 2558 918 2611 structuram
938 2548 997 2608 hac
1017 2546 1133 2609 virtute
1156 2546 1214 2607 niti

195 2654 345 2721 vidimus:
377 2658 493 2720 senties
513 2679 610 2720 anam
632 2658 829 2743 eandemque
848 2658 967 2738 ingenii
988 2658 1127 2742 artisque
1149 2659 1212 2720 cmi

194 2770 359 2849 propriam
377 2782 558 2850 remantem
579 2772 614 2833 in
634 2771 772 2834 minimis
793 2782 826 2836 et
847 2769 992 2832 maximis
1015 2771 1214 2851 compositio·

193 2881 290 2943 nibus
309 2881 404 2945 huius
423 2903 567 2964 poeseos.
616 2885 722 2967 Atque
744 2884 822 2947 lance
843 2880 964 2959 obiter3
994 2885 1067 2943 satis
1087 2882 1155 2943 dixi
1175 2882 1213 2944 de

192 2992 356 3060 divisionis
387 2996 529 3059 artificio.
549 3027 594 3043 -
644 2995 738 3059 addo
767 2994 905 3080 denique
934 2990 1020 3056 aliud
1047 2992 1216 3053 consimile.

193 3105 339 3171 Vidimus
359 3119 397 3173 ut
414 3106 622 3173 divisionibus
641 3121 672 3171 et
690 3107 765 3171 inde
783 3121 854 3171 orta
873 3106 1074 3190 oppositione
1090 3104 1217 3166 emutat

192 3241 329 3285 nervosa
351 3221 506 3307 quaedam
526 3224 718 3286 concinnitas
735 3226 967 3299 membrorum
990 3219 1116 3285 extimet
1137 3240 1213 3284 vero

195 3332 303 3397 eadem
324 3336 418 3398 etiam
438 3336 507 3399 aliis
528 3338 782 3418 oppositionibus
801 3336 1032 3413 membrorum,
1059 3332 1214 3416 siquidem

195 3467 262 3508 non
281 3448 317 3509 in
334 3449 409 3512 solis
430 3447 637 3513 divisionibus
657 3461 770 3528 regnat
788 3449 955 3530 multiplex
974 3449 1023 3512 vis
1044 3426 1226 3531 oppositio·-

195 3561 260 3639 nis,
282 3560 339 3625 sed
359 3563 454 3625 etiarn
474 3561 508 3624 in
530 3562 598 3626 aliis
619 3562 729 3626 formis
751 3562 902 3626 orationis
923 3561 967 3625 sic
988 3563 1063 3646 fingi
1083 3576 1215 3645 possunt

195 3676 381 3755 sententim,
402 3688 440 3739 ut
460 3696 612 3740 nervosae
631 3688 663 3740 et
683 3675 856 3740 concinnae
877 3676 1092 3758 oppositiones
1108 3673 1215 3737 orian-

196 3798 256 3851 tur.
296 3787 382 3852 Vide
402 3790 564 3871 exempla:

281 3928 418 3992 Ferreus
440 3932 494 3993 ille
513 3930 591 4008 luit,
620 3932 692 4013 qui,
720 3943 747 3993 te
769 3951 839 3994 cum
861 3940 966 4012 posset
987 3927 1120 3999 habere,

324 4044 477 4107 Maluerit
494 4045 623 4127 praedor
644 4046 758 4107 stultus
780 4056 811 4106 ct
832 4065 918 4106 arma
940 4042 1038 4126 sequi.
