3009 4725
514 307 626 372 uult.
647 308 689 372 11.
731 308 855 373 ELEG.
877 311 918 374 V.
1152 320 1215 375 269

191 494 257 549 irasc
273 489 359 557 elegis
376 484 534 540 scriberetur
552 482 615 536 clrc.
633 497 693 536 auu.
711 485 790 546 itit,
808 481 946 537 duodecim
963 481 1054 539 lrrbult
1069 501 1167 552 uanus,
1187 495 1218 541 ut

190 609 259 647 nunc
276 588 389 654 intelligi
413 586 520 638 omuino
546 599 598 636 nun
623 584 715 651 possit.
751 587 839 650 Atque
855 584 921 637 haec
938 584 1042 652 guidem
1060 587 1096 640 da
1112 595 1216 658 tempo·

190 698 271 750 ribus.
308 694 419 746 socrum
439 686 645 754 inauguraticuis
665 686 696 737 lit
716 685 744 737 iu
763 685 860 752 templo
878 686 1005 754 Apollinis
1022 689 1149 756 Palatini,
1172 690 1218 744 ubi

191 796 326 867 probabile
347 799 403 856 cst,
430 791 532 842 Vossru
549 793 688 852 mouente,
714 788 793 839 etlam
816 787 944 852 Sibyllin
961 791 1075 843 earmina
1092 791 1143 844 lam
1161 800 1217 847 tum

190 903 293 951 seruata
316 909 391 958 esso,
419 890 490 958 quod
513 889 674 942 Susronrus
699 894 786 940 tamea
812 890 881 955 Aeg.
900 892 945 942 ut.
968 889 1002 942 eb
1027 906 1094 946 euno
1112 892 1216 948 demum

192 996 263 1048 urbis
288 996 350 1045 ¹142.
373 992 469 1044 lactem
495 988 636 1056 significat.
678 987 821 1040 Veniamus
845 988 880 1040 ed
904 998 1085 1056 argumentum
1106 995 1216 1062 elegiae.

192 1093 307 1144 Primum
333 1096 410 1158 poeta
434 1091 538 1140 inuocat
557 1086 719 1153 Apollinem,
746 1090 776 1136 ut
794 1086 877 1138 sacris
895 1088 1054 1143 solemnibus
1071 1092 1147 1146 huius
1165 1095 1216 1147 diei

193 1177 261 1243 adsit
278 1205 342 1266 curn
355 1190 453 1241 cithero
471 1183 681 1248 carminibusque
699 1190 727 1233 et
744 1181 854 1249 pulchre
872 1191 986 1239 ornatus.
1021 1189 1128 1257 lemque
1146 1194 1218 1247 ceia-

193 1293 269 1344 braus
287 1291 365 1343 deum
384 1296 412 1342 ut
430 1294 560 1342 rectorem
577 1283 783 1347 vaticinationis,
809 1290 932 1351 precatur
951 1292 980 1339 ut
997 1289 1077 1341 etiem
1095 1290 1218 1343 Messali-
1243 1313 1249 1322 ·

192 1406 253 1443 num
272 1390 366 1444 doceat
382 1405 487 1443 sennam
506 1389 631 1441 librorum
648 1386 783 1451 Sibyllae,
807 1399 875 1452 quae
893 1402 1024 1456 nunqnam
1041 1388 1165 1444 irmtrata
1182 1393 1218 1446 sit

193 1490 343 1554 Romanos,
367 1497 396 1542 et
420 1492 473 1543 iem
496 1492 558 1542 olim
585 1491 691 1542 deneas
715 1485 817 1538 sectori
841 1500 857 1538 s
882 1488 966 1554 patris
990 1489 1096 1543 abeunti
1119 1491 1218 1547 nurus

194 1596 279 1644 sortes
296 1588 405 1642 dederit.
439 1589 495 1643 Sed
512 1590 575 1642 dum
591 1590 619 1642 ia
636 1604 670 1642 eu
688 1594 729 1640 cst
745 1592 777 1639 ut
794 1584 840 1640 bas
857 1594 954 1654 uertet,
972 1589 1095 1644 dilabitur
1109 1608 1126 1645 a
1143 1601 1217 1648 recto

193 1705 272 1743 cursu
292 1697 319 1744 et
336 1692 500 1759 persequitur
518 1689 635 1743 habitem
654 1691 787 1756 locorum,
814 1691 858 1743 ubi
876 1692 962 1744 Roma
981 1694 1098 1760 condite,
1123 1697 1217 1750 vitam·

193 1804 246 1855 qus
265 1788 584 1854 tonussemitonium,
612 1790 657 1857 qui
682 1791 744 1843 olim
769 1789 812 1843 iric
830 1806 888 1843 cum
907 1794 1031 1859 gregibus
1055 1796 1108 1848 suis
1132 1797 1216 1864 dege·

192 1890 254 1942 baut
277 1889 350 1943 iestis
375 1892 497 1957 cultuum
514 1891 623 1944 deorum
641 1889 751 1957 simplici
775 1897 803 1944 et
821 1891 923 1958 gaudiis
946 1895 1041 1947 amoris
1058 1896 1216 1967 incorruptis

193 1988 264 2042 lusti.
308 1990 376 2043 Post
400 1989 464 2044 baec
487 1990 571 2043 oratio
596 1990 622 2041 iu
645 1990 714 2041 riam
741 1989 810 2041 redit
835 1995 862 2043 et
887 1994 1040 2059 proponitur
1064 1996 1216 2049 vaticinium

192 2091 360 2144 memorabile
386 2092 469 2159 ipsum
494 2094 599 2142 Aenme
625 2090 729 2155 dntum3
757 2091 875 2144 uidemus
901 2098 932 2144 ut
957 2092 1092 2161 preedicat
1114 2096 1216 2160 Sibylla

193 2187 265 2242 beroi
283 2191 381 2244 aditum
400 2192 505 2244 letalem
523 2193 557 2244 sd
576 2192 686 2256 ltaliam,
705 2193 839 2246 uictoriam
859 2190 970 2246 boatium
989 2209 1120 2262 numque
1136 2196 1216 2249 urbes

193 2289 340 2342 condendus
357 2290 476 2343 Laurens
494 2298 618 2355 castrum,
642 2289 786 2357 Lavinium,
805 2291 898 2345 Albam
917 2293 1045 2359 Longam,
1063 2309 1124 2346 ruux
1140 2294 1217 2347 Iliam

194 2387 315 2440 abieris
339 2404 531 2455 compressam,
559 2389 671 2456 denique
688 2391 816 2455 originem
834 2391 938 2445 Rornae
954 2393 1143 2461 imperiumque
1161 2400 1216 2446 ter·

194 2498 279 2538 rarum
308 2486 365 2539 urbi
391 2487 557 2540 destinatum.
600 2490 676 2543 Nunc
703 2497 782 2558 poeta
807 2490 840 2541 ad
867 2493 1013 2558 praesentia
1042 2499 1161 2561 tempora
1187 2508 1217 2547 se

192 2587 329 2637 convertit.
362 2585 463 2651 Sibylla
481 2586 601 2654 princeps
618 2588 702 2642 fauete
721 2590 824 2642 Romae
841 2590 985 2655 nuntiarit,
1014 2592 1134 2658 prodigia
1152 2610 1216 2653 uero

192 2685 318 2738 terribilia
340 2700 407 2752 quse
432 2702 447 2737 e
473 2687 569 2739 ceteris
587 2688 696 2753 Sibyllin
718 2687 852 2757 praedicta
877 2702 988 2741 evenere
1005 2687 1133 2741 bellorum
1151 2691 1217 2742 civi-

191 2785 255 2839 lium
271 2792 390 2854 tempure
408 2798 501 2853 nuper,
519 2784 654 2839 bacciam
672 2794 730 2839 uret
748 2787 896 2856 Apollinem
914 2792 944 2839 ut
962 2787 1066 2838 aboleat
1081 2789 1107 2837 iu
1126 2792 1216 2854 poste-

191 2901 250 2938 rum
272 2892 300 2938 et
322 2886 405 2939 telleia
432 2886 587 2953 fecundique
614 2889 674 2940 nuni
700 2891 788 2943 omine
813 2905 881 2943 nunc
902 2889 1027 2958 praebeat
1044 2888 1125 2940 sucrls
1143 2885 1214 2939 lriace

191 2983 309 3051 leurique
333 2985 448 3038 ardentis
472 2986 574 3054 crepitu
598 2985 694 3038 lausto.
729 2989 814 3039 Detur
832 3003 918 3049 omen.
954 2988 1001 3039 Sic
1018 2984 1084 3036 lianc
1103 2984 1215 3036 felicita·

192 3088 244 3137 tem
263 3087 364 3150 quucm
382 3093 470 3156 sperat
486 3092 612 3156 optetque
629 3087 681 3139 ism
701 3088 818 3156 pluribus
836 3087 977 3151 describit,
1002 3084 1091 3153 copies
1111 3083 1216 3136 Cereris

192 3188 220 3235 et
239 3183 348 3251 Raudii,
375 3188 478 3255 pecoris
503 3186 629 3251 scurram,
657 3192 686 3239 et
708 3187 832 3239 florentes
854 3201 948 3252 magua
974 3183 1098 3252 progenie
1123 3182 1215 3234 domos

191 3285 310 3352 lentaque
327 3289 421 3340 ruralia
439 3304 498 3341 cum
517 3290 613 3341 umoris
637 3289 744 3341 lusibus.
782 3289 812 3339 ln
831 3302 884 3353 quo
908 3301 978 3339 nexu
998 3285 1110 3350 denique
1136 3285 1215 3337 etiem

188 3402 250 3440 suos
276 3388 358 3456 iprim
381 3404 484 3445 erueres
508 3389 680 3455 Nemesisque
705 3389 800 3440 iustum
825 3385 986 3439 recordatur.
1023 3384 1093 3437 ilinc
1113 3386 1138 3435 in
1163 3385 1214 3436 line

188 3489 221 3540 ed
240 3488 410 3543 Messalinum
428 3491 572 3543 cretionem
597 3486 726 3552 reflectit,
753 3492 781 3536 et
805 3483 865 3537 huic
890 3482 1047 3552 triurnplrurn
1071 3488 1215 3550 auguratur

189 3587 249 3639 olim
264 3592 463 3657 reportandum,
482 3597 652 3645 monstratum
668 3594 739 3641 tecte
758 3586 809 3638 inm
828 3587 853 3637 in
872 3585 997 3651 exordio,
1017 3602 1065 3655 pru
1084 3602 1137 3652 quc
1152 3592 1214 3637 vote

189 3682 287 3735 inciens
304 3704 408 3741 carmen
432 3691 532 3743 elsudlt
555 3690 699 3759 egregium.
744 3684 886 3739 Videamus
904 3698 972 3735 nuuc
989 3685 1024 3734 de
1041 3684 1140 3734 unitate
1158 3684 1214 3734 ele-

190 3782 249 3849 ssiee
267 3791 294 3835 et
311 3790 508 3854 compositionis
526 3796 591 3845 arte.
637 3789 696 3842 Nou
716 3786 829 3840 mirabor
847 3784 869 3837 si
888 3783 971 3852 primo
989 3779 1116 3846 adspectu
1134 3782 1215 3832 mults

188 3882 275 3935 inesse
293 3885 407 3950 iudices,
426 3902 495 3951 qnae
512 3906 528 3941 a
545 3893 645 3943 ratione
664 3890 723 3944 isati
742 3898 771 3945 et
791 3892 850 3948 talis
868 3883 987 3941 carminis
1004 3881 1113 3935 consilio
1131 3881 1216 3931 aliena

188 3983 341 4049 rldeentur3
355 3986 404 4038 sed
423 3986 501 4039 incita
519 3992 620 4044 ostendi
639 3995 725 4059 potest
739 3997 850 4071 egregie
868 3987 952 4043 emnia
971 3982 1130 4048 excogitata.
1166 3980 1217 4034 Est

188 4090 276 4139 autern
295 4083 402 4137 omniuo
421 4084 558 4140 eonsilium
572 4088 672 4143 Tibulli
688 4089 825 4166 lumitate
842 4091 986 4153 luculenter
1003 4083 1125 4138 honorem
1143 4082 1218 4138 ides-
