3009 4725
496 273 606 343 ΗΒΕ.
628 281 684 345 lv.
726 279 856 352 CARM.
878 291 903 352 1.
1144 296 1206 352 395

188 464 274 517 vitute
300 461 351 515 sci.
396 458 520 512 Ceteram
547 457 627 524 vulgo
651 464 744 525 postne
770 455 926 514 subsistendi
947 462 1026 516 verbo
1050 466 1158 517 utuntur
1177 465 1204 517 lu

187 565 235 617 hac
251 580 288 616 re.
324 559 454 614 Desidere
477 549 563 611 umen
588 558 654 610 dixit
672 559 771 613 Lucu„
792 563 867 615 heta.
888 566 947 614 103.
966 562 1010 614 nbi
1028 563 1080 614 alie
1098 578 1132 615 ex
1149 565 1205 617 Sn-

123 633 126 638 .
185 678 258 715 sues
276 665 410 728 comparat
427 657 542 710 lscosus
560 674 586 724 p.
599 662 661 709 108.
679 685 717 698 -
735 659 858 714 Qualis
878 666 911 713 et
931 661 966 713 in
986 677 1122 715 curvum
1143 669 1205 729 etc,

186 765 215 811 ut
242 766 336 827 pontus
361 773 376 809 a
400 756 493 808 linibus
518 761 603 807 terrae
629 754 735 807 Oceano
761 758 851 811 cinctis
876 760 1031 813 confluxerit
1049 769 1139 814 nature
1157 779 1205 815 sua

185 859 334 911 currum'in
353 857 441 908 orbem
460 857 487 907 in
505 861 604 909 centro.
639 856 787 908 Videbatur
801 858 868 910 enim
886 865 956 911 terre
974 861 1006 912 sb
1024 861 1123 913 enubitu
1143 878 1205 914 ver-

184 975 229 1011 sus
247 965 363 1011 centrum
383 958 505 1024 paulatim
525 954 684 1007 descendere
702 957 841 1023 depressa,
860 963 887 1010 et
906 960 931 1009 iu
952 959 1038 1011 medlo
1057 976 1126 1012 mers
1145 976 1203 1013 me-

186 1055 360 1108 diterraneum
377 1069 449 1118 esse,
467 1060 496 1105 ut
516 1048 605 1105 monet
622 1053 654 1106 ed
674 1053 741 1107 hunc
760 1057 844 1108 locum
862 1058 1031 1113 Vossius—
1050 1062 1081 1112 V.
1096 1066 1128 1112 21
1146 1077 1203 1128 sqq.

185 1152 261 1218 lego:
289 1151 332 1203 Et
351 1166 454 1218 vagus
478 1165 494 1203 a
514 1151 620 1205 terris
638 1167 694 1218 sqq.
716 1158 770 1203 tum
790 1151 877 1206 Huic
894 1161 931 1207 ut
948 1163 998 1209 etc.
1017 1157 1042 1209 h.
1062 1175 1085 1211 e.
1104 1168 1133 1212 ut
1152 1175 1203 1226 qua

185 1267 294 1318 surgere
313 1251 358 1302 adr
375 1267 390 1303 e
409 1251 484 1301 terris
502 1250 609 1314 nititur,
637 1248 688 1313 ibi,
715 1252 740 1300 iu
759 1251 894 1304 altioribus
912 1253 995 1319 locis,
1020 1263 1157 1309 contextus
1176 1258 1201 1309 ei

187 1349 276 1403 aether
302 1352 372 1402 fluat.
419 1351 465 1403 Sic
491 1356 564 1402 recte
591 1349 851 1415 Wuuauamcatus‚
881 1368 929 1405 nee
956 1353 1032 1405 video
1059 1360 1203 1408 contortam
1254 1374 1257 1378 ·

187 1445 251 1499 heac
270 1449 393 1500 rationem
412 1464 484 1513 esse,
502 1455 532 1500 ut
556 1446 718 1500 Hoscuruus
741 1449 870 1516 opinatur.
906 1450 1074 1505 Manifestum
1093 1458 1134 1505 est
1151 1468 1202 1504 aon

186 1545 220 1597 de
240 1548 338 1613 origiue
357 1548 542 1601 elementorum
566 1547 608 1601 hic
629 1550 689 1615 egi,
716 1554 745 1601 ut
769 1550 878 1601 alterum
903 1565 937 1602 ex
960 1552 1044 1606 ultero
1069 1553 1204 1620 prodierit,

186 1643 231 1696 sed
257 1645 290 1697 de
315 1644 419 1700 sedibus
445 1654 472 1700 et
496 1647 530 1700 de
554 1647 725 1715 dispositione
750 1663 841 1700 eorum
860 1663 909 1716 per
931 1649 1069 1713 mnndum,
1097 1651 1138 1702 cni
1163 1652 1203 1701 rei

185 1744 260 1812 plane
279 1748 397 1798 convenit
414 1750 547 1817 proposita
566 1749 734 1800 constructio.
778 1747 871 1814 Neque
890 1764 955 1817 opus
974 1756 1030 1801 erut
1048 1755 1077 1801 ut
1094 1765 1201 1817 separa-

185 1845 230 1896 tim
250 1844 348 1899 diceret
365 1846 398 1898 de
416 1850 483 1901 seris
500 1849 564 1902 sede
583 1855 610 1901 et
628 1847 750 1914 aetheris,
768 1850 890 1902 seiunctis
907 1852 1049 1914 commatis,
1068 1850 1114 1902 sed
1134 1849 1200 1901 benc

184 1947 284 1999 enricus
300 1949 441 2001 orationem
457 1966 507 2002 uua
523 1951 716 2003 constructione
731 1949 867 2003 verborum
882 1953 1032 2018 complexus
1047 1955 1087 2001 est
1099 1953 1203 2000 utrum-

183 2060 242 2110 que.
290 2048 356 2103 eris
382 2051 450 2101 enim
476 2064 528 2101 non
554 2049 626 2101 videt
651 2053 738 2102 aerem
764 2049 832 2101 inter
853 2056 947 2100 terram
972 2053 999 2100 et
1023 2045 1153 2098 aetherem
1178 2061 1200 2097 s.

180 2144 267 2209 ignem
296 2148 432 2201 sublimem
461 2149 602 2215 significari
629 2148 766 2217 positumi
808 2149 954 2202 Prohamus
982 2146 1060 2213 igitur
1090 2146 1200 2214 primunr

182 2237 304 2293 Βιιιτιιιι
323 2247 529 2298 emendationem
549 2264 567 2297 u
586 2247 666 2298 terris
685 2247 834 2314 egregiam
861 2248 930 2313 quod
950 2246 1077 2310 vostros,
1096 2252 1200 2297 cetero-
1297 2250 1302 2262 “

186 2338 248 2401 qnln
265 2338 486 2391 Wunuancreutr
505 2343 724 2395 constructionem
739 2352 853 2412 secutus,
869 2353 955 2399 tamen
973 2362 987 2396 s
1006 2344 1086 2397 terris
1104 2345 1200 2396 retinet

183 2437 210 2481 et
229 2432 267 2482 sic
285 2431 414 2498 defendit,
441 2436 529 2485 sitem
547 2450 562 2486 e
581 2438 720 2503 vaporibus
738 2444 824 2491 terrac
847 2443 909 2492 oriri
928 2451 955 2493 et
972 2460 1096 2511 surgere,
1122 2441 1199 2494 facile

181 2537 268 2600 patet,
292 2534 353 2599 qnid
372 2532 431 2586 huic
448 2535 541 2586 rationi
559 2534 655 2586 obstet
693 2534 761 2587 Nam
780 2552 830 2602 qua
849 2541 894 2589 sir
911 2554 927 2590 e
946 2546 1014 2593 terra
1034 2546 1132 2608 surgit,
1159 2549 1200 2597 est

182 2633 332 2699 superficies
349 2639 450 2696 terme3
481 2631 515 2683 ihi
540 2638 627 2683 nutem
652 2630 785 2697 quomodo
807 2633 831 2683 ei
850 2632 939 2685 aether
958 2634 1009 2687 dici
1027 2642 1115 2703 potest
1135 2656 1199 2692 con-

182 2739 270 2785 textus
288 2733 367 2786 esset
403 2732 573 2785 Nihilominus
599 2738 705 2785 secutus
731 2731 850 2783 Vossrurs
876 2732 999 2785 Bucarus
1026 2740 1074 2785 est.
1111 2735 1200 2787 Altera

182 2847 244 2884 vero
267 2834 378 2897 locutio,
405 2847 458 2898 qun
483 2847 564 2897 regns
586 2834 635 2885 uir
659 2847 676 2882 a
701 2830 777 2882 terris
802 2846 912 2897 surgere
928 2832 1032 2897 nititur,
1061 2836 1114 2881 tum
1133 2831 1198 2884 bene

181 2932 300 2984 convenit
320 2906 495 3000 superioribus
513 2932 592 2998 locis,
620 2946 679 2984 cnm
698 2932 788 2985 relicta
807 2933 941 3013 alcluitatc
959 2938 1047 2985 terrm
1065 2931 1111 2981 air
1128 2930 1195 2982 libe·

181 3032 236 3084 rius
259 3032 368 3085 diffusus
387 3033 476 3084 nititur
493 3040 631 3101 penetrare
649 3035 741 3098 altius,
765 3041 797 3087 ut
820 3049 901 3100 segre
927 3033 1033 3086 credam
1058 3026 1129 3080 aliud
1152 3042 1201 3079 vo·
1290 3038 1298 3051 '

181 3132 258 3183 luisse
283 3138 393 3200 poetam.
412 3158 448 3170 -
474 3132 559 3185 Porro
585 3133 666 3186 huic
691 3141 728 3186 ut
752 3139 888 3201 receperat
910 3134 961 3186 iem
988 3130 1128 3183 Hamus.
1165 3126 1200 3178 At

180 3236 318 3281 contextus
343 3237 383 3282 est
407 3244 554 3294 conamus,
584 3238 735 3284 transeunte
758 3233 843 3309 altero
869 3234 895 3284 in
921 3234 1040 3286 alterum.
1077 3226 1196 3293 Denique

177 3329 307 3395 passim
326 3327 414 3379 linat
432 3328 530 3381 dictum
550 3332 664 3383 suaviter
683 3331 728 3400 pn'
739 3330 899 3383 diffundetur
916 3346 1047 3400 expensus
1063 3329 1089 3381 in
1108 3342 1197 3381 omnes

180 3435 277 3493 partes.
305 3428 449 3496 Explicuit
466 3427 730 3481 Mrrscammcams
748 3429 774 3480 iu
793 3428 880 3481 Lectt.
899 3430 924 3481 iu
942 3430 1073 3481 Getullum
1091 3444 1120 3495 p.
1135 3428 1196 3478 150.

178 3524 211 3576 td
231 3527 315 3580 Ctrm.
335 3524 432 3593 LXIX,
450 3531 512 3579 ³58.
530 3526 576 3579 ubi
593 3529 688 3588 verbus
727 3528 815 3591 Testis
840 3528 893 3580 erit
919 3527 1028 3597 mugnis·
1042 3524 1199 3579 virtutibus·

179 3624 252 3673 unde
270 3627 442 3684 Scamandri,
471 3629 547 3696 Quae
568 3631 675 3695 passim
703 3632 799 3710 rapide
825 3627 992 3696 diffunditur
1017 3622 1201 3689 Hellesponto.

180 3716 256 3772 Nunc
275 3724 399 3788 imprimis
422 3732 483 3793 apta
508 3728 605 3781 locutio
631 3752 686 3809 ppo
704 3758 744 3808 ter
769 3727 970 3802 amplitudinem
992 3725 1110 3775 locorum
1128 3734 1207 3785 supe·

179 3814 282 3865 riorum.
327 3817 375 3869 Est
397 3828 480 3874 autem
506 3825 617 3892 liquidus
645 3864 664 3912 Q
687 3773 777 3924 ptis&
804 3836 952 3901 igneus,
983 3820 1071 3878 celati
1096 3813 1211 3886 liquidus

177 3912 248 3980 ignis
273 3932 311 3983 pr.
337 3918 440 3972 aethere
464 3923 545 3979 dietus
571 3886 692 4020 γωδ
814 3934 867 4000 vl,
892 3935 944 3989 tlh,
983 3931 1068 3995 unce
1093 3918 1223 3973 hostensi.

178 4012 262 4064 Aliam
281 4015 405 4068 rationem
420 4024 617 4105 excogitaritfl
655 4014 664 4035 ³
695 3975 793 4055 ΕΜ.
831 4038 945 4112 quem
960 4032 1139 4113 §wemno
1165 4008 1235 4063 Sul·

622 4076 686 4187 113v
688 4088 775 4181 5510!
794 4063 829 4115 ⁵⁰
