3009 4725
313 373 364 448 78
609 371 794 447 TIBULLI
827 373 913 448 LIB.
932 375 989 450 lv.
1011 386 1037 447 ί.

374 558 420 632 Ar
442 574 500 632 tua
525 585 597 633 uon
622 557 740 634 titulus
767 561 877 663 capiet
903 562 968 637 sub
995 561 1133 637 nomine
1157 562 1266 653 lacta,

373 688 523 764 Aeterno
544 690 607 764 scd
632 709 734 766 erunt
757 693 819 767 tibi
842 722 967 794 magna
993 693 1164 768 volumina
1187 721 1305 785 versu,

330 819 648 922 &conuenientque
673 839 748 897 tuas
775 822 892 922 cupidi
917 850 1121 925 componere
1144 822 1263 897 lendes

365 949 529 1051 Undique
544 950 671 1053 quique
690 968 813 1026 cenent
827 951 940 1026 vincto
960 951 1049 1053 pede
1068 953 1195 1054 quique
1214 951 1335 1027 soluto.

374 1078 464 1177 Quis
488 1081 620 1181 potior,
654 1097 822 1156 certamen
850 1081 932 1154 erit:
973 1081 1038 1155 sim
1064 1082 1231 1157 victorin
1257 1080 1336 1170 illis,

374 1211 423 1283 Ut
447 1227 603 1284 nostrum
626 1209 727 1283 mutis
751 1209 938 1285 inscribam
964 1239 1089 1286 nomen
1114 1212 1150 1286 in
1175 1213 1268 1286 actis.

392 1391 395 1395 -
424 1340 512 1413 Nam
536 1339 613 1440 quis
633 1357 666 1413 te
689 1340 822 1414 maiora
853 1340 941 1438 gerit
965 1341 1124 1416 castrisue
1151 1341 1292 1415 lorove?

337 1470 451 1543 toNec
476 1487 589 1544 tamen
610 1466 667 1544 hic
688 1486 747 1544 ant
762 1466 819 1545 hic
837 1471 899 1545 tibi
918 1470 992 1546 laus
1009 1472 1158 1546 maiorve
1172 1470 1336 1561 minorve,

377 1600 470 1673 Iusta
496 1600 571 1700 pari
597 1600 764 1701 premitur
787 1598 889 1673 veluti
916 1629 993 1674 cum
1017 1600 1172 1701 pondere
1197 1599 1306 1689 libra,

371 1728 488 1802 Prona
509 1757 572 1803 nec
599 1728 664 1803 hae
681 1728 761 1829 plus
782 1746 878 1830 parte
899 1727 995 1803 sedet
1007 1756 1071 1803 nec
1088 1728 1198 1827 surgit
1211 1727 1254 1803 ab
1268 1727 1336 1816 illa,

321 1959 324 1964 Ι
374 1854 507 1953 Qualis,
528 1858 747 1959 inaequatum
760 1858 789 1931 si
801 1856 941 1959 quando
953 1885 1040 1932 onus
1055 1874 1154 1957 urget
1166 1856 1337 1957 utrinque,

373 1986 547 2061 Instabilis
572 2005 667 2062 natet
693 1987 823 2062 alterno
851 1987 1045 2088 depressior
1066 1986 1159 2060 orbe.

331 2126 370 2185 45
427 2116 516 2190 Nam
540 2145 601 2190 seu
627 2116 751 2190 diversi
777 2115 897 2188 sremat
923 2112 1149 2187 inconstantia
1175 2107 1285 2209 vulgi,

375 2244 454 2318 Non
482 2244 568 2318 alius
594 2243 713 2317 sedare
740 2258 859 2343 queat:
897 2269 958 2313 seu
981 2240 1106 2314 indicis
1130 2240 1181 2313 ira

373 2375 427 2448 Sit
450 2372 639 2476 placanda,
671 2372 738 2445 tuis
763 2370 887 2472 poterit
909 2371 1084 2445 mitescere
1110 2370 1232 2445 verbis.

374 2504 453 2578 Non
479 2503 585 2609 Pylos
610 2521 669 2578 aut
693 2501 808 2577 Ithace
833 2518 946 2576 tantos
972 2502 1131 2600 genuisse
1155 2501 1314 2575 feruntur

376 2634 520 2709 Nestora
545 2633 597 2708 vel
620 2660 745 2736 parvae
770 2608 934 2732 magnum
961 2632 1067 2707 decus
1088 2631 1186 2707 urbis
1204 2630 1339 2719 Ulixen,

322 2762 504 2837 sottuerit
527 2762 583 2837 ille
599 2792 702 2837 senex
726 2762 891 2864 quamvis,
918 2761 1000 2835 dum
1018 2779 1115 2835 terna
1137 2787 1199 2862 per
1219 2760 1335 2834 orbem

384 2892 527 2969 Saecula
548 2893 716 2967 fertilibus
741 2892 844 2965 Titan
869 2891 1064 2965 decurreret
1088 2889 1202 2980 horis,

377 3026 438 3100 lllc
463 3054 527 3128 per
551 3024 688 3122 ignotas
712 3019 825 3095 audax
850 3021 1013 3095 erraverit
1035 3019 1161 3109 urbes,

379 3157 460 3255 Qua
483 3154 587 3229 maris
614 3149 770 3226 extremis
796 3149 894 3224 tellus
917 3150 1106 3226 includitur
1131 3145 1243 3219 undis.

379 3288 466 3361 Nam
491 3284 724 3382 Ciconumque
745 3308 870 3355 manus
893 3279 1043 3355 adversis
1060 3274 1210 3377 reppulit
1224 3273 1338 3359 armis,

391 3623 481 3679 Ut.
505 3624 593 3692 Vulgo
613 3632 768 3690 stemmate,
791 3621 860 3690 qnod
881 3618 975 3673 hebent
995 3616 1083 3670 luent.

391 3749 479 3806 VM.
503 3747 583 3803 Nem
605 3749 682 3816 qula
705 3755 738 3802 te
762 3749 857 3801 Curio.
871 3761 935 3798 ver.
971 3742 1061 3797 Ceteri
1077 3738 1150 3795 vario
1168 3736 1246 3793 modo
1262 3737 1341 3791 eber-

320 3856 386 3906 rent.
405 3876 441 3890 -
476 3849 510 3903 V.
519 3852 563 3903 40.
589 3847 643 3901 hio
668 3855 725 3902 eut
749 3847 804 3901 hle
826 3846 922 3899 Curio.
941 3858 1003 3897 vnn.
1024 3842 1129 3909 aliique.
1165 3839 1253 3906 Vulgo
1277 3836 1341 3889 trine

320 3960 372 4003 aut
394 3947 457 4007 binc
479 3949 579 4001 incerto
602 3952 718 3999 auctore.

392 4076 425 4131 V.
435 4079 481 4132 tl.
505 4074 710 4129 decurreret
730 4079 811 4128 reete.
848 4071 996 4135 decurret&
1013 4087 1037 4127 o.
1054 4069 1134 4125 erno
1150 4068 1301 4122 Solum
