3009 4725
349 415 440 455 cxxxx
763 392 820 453 DE
845 388 968 457 POESI

346 564 464 630 Notavi
497 584 592 646 supra
627 563 769 644 ineptum
805 561 1053 644 amplificationis
1084 567 1240 647 cordium,
1284 596 1368 637 nuuc

346 683 407 744 alia
434 680 587 742 nonnulla
617 678 698 741 male
728 675 809 739 dicta
837 697 965 758 ponam.
1018 678 1070 744 Sic
1098 683 1366 762 111,1,19.2o.

344 793 477 873 legitur:

428 908 486 968 Illa
505 903 584 966 utihi
605 904 735 982 referet,
764 903 792 966 oi
815 908 915 969 nostri
937 919 1045 972 mutuo
1064 923 1142 973 'cura
1162 922 1209 973 eat

469 1018 519 1079 Au
541 1019 663 1093 minor,
693 1038 734 1078 an
757 1029 824 1079 toto
847 1033 974 1100 pectore
995 1018 1175 1086 deciderim.

343 1131 421 1192 Trea
455 1128 569 1210 gradus
605 1130 637 1191 iu
676 1150 784 1192 amore
818 1130 1047 1213 displicuerunt
1079 1135 1143 1199 iam
1173 1136 1299 1219 Heynio
1333 1148 1364 1199 at

341 1242 532 1305 Eichatadio.
575 1242 664 1303 Alius
688 1243 871 1324 simpliciter
893 1244 1041 1311 dixisset:
1071 1247 1106 1311 Si
1131 1250 1230 1311 noetri
1253 1262 1364 1312 mutua

343 1378 418 1420 cura
436 1369 481 1419 eet
499 1375 540 1419 au
561 1354 731 1418 exciderim
752 1369 890 1437 pectore.
932 1357 1112 1443 Lygdamus
1131 1374 1235 1426 autem
1252 1361 1361 1443 putide

342 1470 449 1535 omnia
470 1481 648 1546 enumerat,
677 1482 714 1531 ut
736 1471 830 1547 aliae,
860 1493 942 1555 quae
964 1475 1091 1553 cogitari
1115 1488 1261 1555 possunt,
1294 1497 1360 1541 nou

341 1583 403 1648 dici
423 1581 549 1645 debent.
562 1615 606 1628 -
646 1582 718 1644 Alio
739 1585 810 1646 loco
831 1586 892 1663 111,
912 1591 950 1663 2,
977 1591 1026 1648 11.
1051 1590 1100 1650 12.
1121 1585 1214 1651 dicitt

425 1700 506 1760 Ante
528 1716 633 1759 meum
655 1695 762 1758 ueniat
781 1697 893 1777 longos
914 1697 1074 1780 incompta
1095 1699 1224 1781 capillos
1248 1761 1251 1768 ,
1366 1707 1368 1712 ’

465 1809 505 1870 Et
525 1807 598 1870 fleat
618 1820 691 1870 ante
712 1829 818 1872 meum
838 1822 956 1873 moesta
974 1812 1099 1876 Neaera
1119 1834 1248 1896 rogum,
1365 1843 1369 1850 ·

339 1923 396 1985 ubi
422 1934 488 1984 oruc
510 1944 602 1983 meum
624 1922 706 1984 male
719 1922 889 2004 repetitum
904 1923 1008 2006 video,
1032 1949 1103 1990 cum
1122 1930 1182 1989 alia
1200 1928 1271 1998 uoci
1280 1928 1360 2009 fleat

338 2034 410 2097 addi
433 2034 597 2096 deberent.
639 2034 710 2095 Alia
732 2035 839 2116 inepta
858 2038 1004 2118 repetitio
1029 2052 1076 2101 eet
1096 2040 1157 2115 ΙΙΙ,
1177 2041 1211 2114 4,
1231 2040 1282 2101 49.
1296 2045 1354 2100 50:

419 2145 528 2254 Quare
551 2167 626 2226 ego,
657 2168 739 2230 quae
761 2145 831 2209 dico
855 2169 919 2210 uon
942 2150 1038 2209 fallax
1061 2149 1166 2228 accipe
1187 2160 1288 2224 vater,

462 2256 620 2342 Quodque
643 2257 817 2321 donavero
840 2256 995 2341 Cynthius
1018 2279 1074 2322 ore
1098 2262 1206 2324 ferum.

336 2373 438 2436 Porro
462 2373 524 2449 ΙΙΙ,
548 2379 583 2450 6,
607 2378 659 2436 47.
679 2372 732 2433 48.
757 2368 849 2433 dicit:

420 2485 486 2548 Etsi
506 2504 627 2568 perque
647 2503 722 2546 euos
747 2481 844 2546 follux
864 2483 980 2547 iuravit
1000 2489 1118 2550 ocelloo

461 2604 680 2685 Iunonemque
701 2620 791 2663 suam
813 2621 932 2684 perque
955 2621 1045 2664 auam
1065 2602 1241 2683 Venerem,

420 2717 516 2779 Nulla
538 2715 616 2779 fides
639 2715 753 2777 inerit:

335 2833 391 2893 ubi
406 2828 587 2892 Huschkiuo
605 2828 727 2891 notavit
743 2826 823 2887 mire
840 2823 975 2890 dictum:
996 2828 1054 2890 etei
1069 2829 1166 2891 fallax
1182 2830 1298 2892 iuravit
1309 2862 1354 2874 -—

335 2946 422 3006 nulla
453 2957 558 3005 tamen
589 2938 665 3004 fidea
700 2937 795 3000 inerit
830 2938 934 3001 lallaci
967 2953 1022 3002 aut
1055 2942 1232 3007 iuramento
1261 2942 1353 3003 saluo.

334 3061 414 3123 Mox
437 3056 556 3125 ibidem
577 3054 652 3135 legio
676 3059 770 3117 v.53.
793 3054 853 3114 542

417 3171 518 3250 Quam
541 3173 653 3234 vellem
673 3181 778 3229 tecum
798 3168 908 3245 longao
930 3169 1128 3251 requiescere
1149 3180 1256 3232 noctes

461 3286 500 3346 Et
521 3298 624 3346 tecum
645 3284 756 3359 longos
777 3280 965 3362 pervigilare
987 3278 1073 3343 dieo!

331 3401 389 3461 ubi
415 3399 466 3460 cui
492 3399 614 3476 placere
635 3406 755 3476 potest,
786 3390 872 3476 quod
895 3392 1102 3473 oppositionis
1125 3403 1232 3453 acutae
1254 3410 1351 3473 quae·

332 3515 408 3577 sitae
431 3529 525 3571 causa
543 3508 639 3570 dixit:
665 3509 776 3586 longos
796 3504 983 3586 pervigilare
1005 3500 1095 3568 dieo?
1137 3500 1263 3578 Quanto
1284 3522 1351 3564 me·

330 3630 393 3691 lius
413 3624 559 3685 Tibullus
580 3620 704 3701 scripsit
724 3620 756 3694 I,
775 3624 812 3695 2,
834 3624 895 3681 73:

416 3739 487 3820 lpse
506 3737 624 3812 boves,
651 3752 720 3796 mea
741 3730 800 3792 eim
822 3741 926 3792 tecum
946 3724 1041 3790 modu
1062 3725 1173 3805 Delia,
1199 3726 1318 3808 poooim

458 3827 590 3929 Iungere
612 3858 644 3909 et
665 3847 699 3909 in
721 3845 790 3908 eolo
813 3862 941 3926 paecere
962 3852 1071 3904 monte
1093 3857 1206 3923 pecua:

333 4006 335 4011 ·
416 3964 456 4026 Et
476 3976 507 4026 te
530 3960 606 4024 dum
623 3959 717 4020 liceat
737 3957 855 4020 tenerlo
873 3958 1013 4019 retinere
1034 3954 1175 4029 lacertis,

455 4075 562 4136 lll‘ollia
586 4082 617 4133 et
637 4067 756 4131 inculta
775 4069 815 4132 eit
834 4067 913 4131 mihi
933 4087 1064 4131 aomaua
1087 4067 1196 4126 humo.
