3009 4725
498 374 608 436 LlBR.
630 377 670 437 lt.
713 372 835 437 ELEG.
859 377 898 440 ll.
1141 389 1199 445 231

181 554 206 608 lr.
226 571 249 607 e.
276 559 327 606 tarn
353 563 433 617 saepo
457 549 524 602 enim
544 553 572 601 et
590 547 713 602 ardenter
734 551 837 618 expetis
857 550 922 604 lianc
941 567 995 602 rem
1013 553 1099 604 tacitis
1117 556 1201 620 preci·

180 656 228 708 bns
246 670 261 704 a
280 652 344 715 diis,
370 665 421 716 qua
441 646 502 701 nibil
521 648 604 714 magis
625 647 674 700 tibi
698 646 771 701 cordi
797 655 852 714 est,
881 656 911 702 ut
928 650 978 718 ipsi
996 649 1032 703 dil
1051 652 1202 705 memoriter

179 756 283 806 teneant
301 756 398 802 votnm.
416 774 452 789 -
470 748 503 801 V.
522 751 565 800 1³.
591 746 662 800 Nec
680 748 745 801 tibi
770 750 936 802 malueris
954 756 1004 806 etc.
1042 751 1201 805 Observnbis

177 855 270 906 iterum
293 852 447 914 dilatantur
470 847 610 899 adhibitam
635 852 666 898 ut
685 849 778 911 toties,
803 864 862 901 nam
880 863 941 900 arra
967 855 994 901 et
1014 865 1131 915 gemmas
1153 866 1201 903 no-

178 951 265 1003 minat.
308 947 427 1000 valido
452 947 553 1012 bove,
579 947 727 1015 explicante
752 949 868 1014 vossio,
893 964 944 1002 uon
973 950 1094 1003 malueris
1119 968 1200 1018 quae·-

177 1069 279 1120 cunque
306 1052 411 1120 pinguia
433 1066 495 1102 arra
520 1055 626 1101 arantur
644 1063 692 1116 per
715 1047 820 1112 orbem3
848 1048 912 1101 talia
934 1051 1002 1103 euim
1020 1051 1131 1104 validum
1152 1052 1201 1105 bo·

178 1168 236 1204 vem
260 1152 393 1217 requirunt
418 1156 445 1202 et
470 1150 564 1203 sortem
585 1154 722 1203 aratorem.
743 1175 776 1186 -
804 1164 1005 1214 gemmarum
1031 1152 1198 1220 quicquid

178 1252 343 1305 felicibus
369 1250 465 1304 indta
491 1250 649 1303 nascitur
675 1256 725 1304 ete.
772 1249 822 1303 Est
843 1249 974 1321 felicibus
1003 1268 1042 1320 pr.
1068 1254 1198 1311 divitibus.

179 1355 261 1406 Porro
287 1358 374 1405 monet
394 1353 510 1405 Vossrrrs
535 1352 671 1404 Oceanum
696 1351 848 1405 orientalem
875 1350 946 1403 circa
970 1350 1069 1403 Indiam
1087 1359 1115 1404 et
1134 1355 1199 1405 Ara-

177 1453 244 1504 biam
263 1452 388 1518 intelligi,
418 1453 462 1518 qui
489 1449 574 1502 ruber
598 1465 656 1501 esse
679 1449 835 1503 credebatur
858 1464 892 1502 es
917 1449 1009 1502 vicinia
1033 1450 1139 1503 orientis
1164 1451 1198 1502 ibi

177 1551 248 1601 solis.
284 1550 312 1600 Iu
331 1550 403 1602 littus
421 1556 509 1602 autem
530 1547 588 1600 elici
609 1546 735 1613 putebant
752 1545 828 1599 undis
847 1545 946 1614 lapides
964 1547 1109 1616 pretiosos,
1129 1562 1197 1606 mar-

177 1651 292 1715 garitas,
317 1665 449 1716 gemmae,
473 1647 643 1714 smaragdos,
670 1661 736 1713 quos
760 1646 817 1701 Indi
842 1647 1019 1715 colligerent·
1039 1649 1109 1702 vide
1127 1650 1198 1701 locos

177 1754 281 1800 notatos
300 1763 378 1815 supro
396 1748 429 1799 ad
448 1747 470 1813 l,
489 1752 515 1813 l,
533 1751 577 1799 51.
614 1747 660 1799 Sic
678 1747 803 1800 Curemus
820 1747 892 1813 Vlll,
911 1752 938 1814 9,
958 1753 1001 1801 19.
1022 1749 1100 1803 dicits
1120 1752 1196 1801 Gem-

177 1865 235 1897 mas
253 1846 469 1918 margaritasque
491 1864 563 1896 mure
587 1844 727 1896 littoribus
749 1843 884 1915 iufundit.
920 1845 1018 1900 conset
1035 1847 1068 1900 de
1087 1850 1196 1915 gemmis

177 1947 376 2016 (tidelsteinen)
395 1949 473 2000 etiam
492 1947 557 2000 iutra
575 1947 607 1999 ad
627 1946 673 2011 lv,
691 1950 719 2011 2,
739 1950 781 1997 19.
800 1974 835 1984 -

247 2051 280 2105 V.
299 2050 390 2103 lt-ad
409 2051 494 2101 linem.
531 2047 664 2100 Exitus.
701 2048 792 2099 Ruta
811 2045 885 2097 iore
905 2054 990 2098 nota.

249 2150 281 2204 V.
304 2153 338 2200 lt
355 2164 412 2215 sqq.
442 2149 529 2201 Vola
553 2147 696 2211 cadunt,
723 2143 746 2199 b.
765 2162 789 2199 e.
808 2147 943 2210 eveniunt,
962 2146 994 2199 cl.
1014 2147 1047 2198 ad
1065 2147 1087 2210 1,
1105 2153 1130 2212 6,
1148 2152 1193 2200 85.

176 2249 250 2300 Unde
268 2264 339 2313 vero,
356 2247 436 2313 dices,
454 2246 524 2299 novit
543 2244 592 2299 buc
609 2246 658 2298 nisi
677 2245 753 2313 siguo
771 2246 854 2299 dato‘l
884 2245 971 2298 Veluti
984 2263 1062 2315 supra
1077 2248 1098 2313 l,
1109 2252 1135 2312 5,
1149 2254 1194 2300 57.

174 2351 226 2403 ait:
257 2348 403 2406 Evenient,
427 2346 476 2398 dat
491 2346 572 2418 signa
591 2345 666 2400 deus.
702 2347 769 2403 Adri,
789 2348 823 2413 ll,
844 2352 869 2413 l,
885 2351 929 2402 25.
966 2349 1059 2402 Recte.
1098 2350 1193 2404 videa-

175 2465 233 2502 mus
257 2464 321 2514 ergo
347 2450 489 2515 sequentia.
515 2475 551 2487 -·
586 2448 715 2501 utinam
745 2449 1021 2517 strepitantibus
1054 2449 1194 2502 arlvolet

175 2547 242 2599 alis
261 2551 311 2598 etc.
346 2546 387 2597 Ite
410 2544 487 2597 hebet
512 2546 590 2597 lectio
609 2544 741 2599 librorum.
778 2547 832 2598 Sed
851 2548 911 2613 quid
931 2546 980 2601 lroc
999 2551 1062 2602 est?
1099 2552 1193 2603 Ratio-

174 2662 233 2699 uem
251 2646 418 2712 requirimus,
436 2644 505 2697 uude
522 2648 660 2700 concludat
678 2655 756 2717 poeta
775 2653 831 2699 rata
850 2647 906 2701 lore
924 2656 1000 2711 vota,
1019 2666 1086 2701 nunc
1105 2661 1192 2705 eutem

173 2762 267 2800 uorum
287 2753 374 2798 votum
393 2744 469 2809 lacit,
489 2743 558 2811 quod
577 2748 619 2797 cui
637 2762 688 2798 unu
708 2751 811 2814 praeter
829 2746 1049 2813 exspectationem
1069 2750 1139 2800 venit
1155 2752 1192 2800 sic

172 2853 280 2914 repente
296 2843 462 2897 subiectum?
498 2842 600 2895 Deinde
625 2844 710 2895 ieiune
735 2842 844 2895 dicitur:
871 2845 967 2895 utinam
985 2843 1106 2895 celeriter
1122 2853 1189 2897 stre-

174 2945 313 3013 pitantibus
330 2950 375 2997 aut
393 2943 582 3012 trepidantibus
599 2946 647 2996 alis
662 2943 767 2998 advolet
785 2946 874 2997 Amor.
911 2942 952 2996 Ne
970 2944 1066 3007 multa3
1085 2942 1191 3010 pulclrre

173 3048 277 3113 videtur
295 3048 444 3100 coniectura
464 3047 560 3098 Gsuut
579 3051 607 3099 et
625 3045 738 3100 Hsrnsrr
760 3045 838 3097 viden
856 3055 903 3102 ut,
929 3045 1037 3114 probata
1060 3045 1190 3097 Bsoucrr-

173 3161 268 3210 unsre,
285 3146 408 3210 lusere,
432 3143 563 3208 Herum,
588 3144 702 3209 Vossro,
729 3144 873 3197 Huscnero
893 3151 920 3197 et
937 3145 1041 3198 omniuo
1061 3143 1189 3212 plerisque

173 3243 297 3296 omnibus.
333 3244 445 3310 Legitur
462 3242 528 3295 inira
546 3241 581 3306 11,
602 3246 625 3306 l,
643 3246 687 3294 25.
710 3250 736 3295 et
762 3245 825 3296 satis
849 3252 911 3297 uota
936 3251 976 3297 est
1001 3243 1118 3296 termula.
1155 3244 1188 3299 V.

170 3342 379 3412 strepitantibus
396 3343 454 3396 ltali
473 3345 498 3395 iu
517 3340 717 3412 trepidantibus
734 3350 874 3407 mutarunt,
892 3344 961 3410 quod
976 3351 1016 3396 est
1030 3342 1189 3396 notissimum

170 3443 295 3512 agilitatis
313 3449 340 3495 et
357 3442 528 3521 festinationis
553 3441 676 3507 verbum,
699 3442 733 3494 cl.
752 3444 878 3496 Gnoson.
903 3442 936 3494 ad
955 3442 1011 3497 Lis.
1031 3442 1142 3508 xxvii,
1166 3449 1187 3496 l.

170 3546 205 3598 Et
223 3544 321 3615 placuit
338 3542 387 3597 bue
408 3544 487 3611 vulgo
507 3544 584 3596 etiarn
604 3548 714 3610 proptee
733 3542 808 3593 viden
830 3552 871 3592 ut.
907 3542 959 3595 Sed
980 3542 1082 3596 delendi
1101 3548 1188 3611 potest

170 3644 262 3707 lectio,
290 3651 319 3697 ut
342 3660 404 3697 mox
427 3643 519 3696 dicem.
558 3644 627 3695 Usus
652 3648 692 3696 est
717 3659 781 3695 voce
799 3643 920 3695 Tibullus
944 3645 1022 3697 etiam
1044 3644 1078 3710 11,
1095 3649 1122 3709 5,
1141 3648 1187 3697 73.

170 3738 206 3790 Et
227 3739 303 3794 babel
322 3743 410 3794 nescio
428 3743 489 3809 quid
515 3750 620 3811 praeter
636 3742 739 3794 solitum
760 3742 821 3794 laeti
841 3742 938 3794 locutio
957 3742 1019 3809 (mit
1038 3741 1188 3793 ranst-lien-

171 3839 453 3912 dcmFlr'igeisclrlog).
483 3845 600 3912 Denique
612 3845 715 3897 Flava
736 3843 871 3894 vincula
886 3848 947 3892 sunt
959 3841 1072 3893 ardentis
1084 3847 1111 3892 et
1126 3856 1188 3892 cou-

169 3939 262 3990 stantis
278 3939 375 3990 amoris
393 3941 547 4004 symbolum.
582 3941 649 3995 Nam
667 3943 736 4009 quod
754 3942 818 3993 satis
835 3944 951 4002 constat,
970 3939 1051 3990 flavus
1069 3938 1142 3990 color
1161 3945 1189 3989 ut

169 4040 274 4092 omnino
292 4040 417 4106 laetitiae,
435 4043 472 4093 ita
489 4045 635 4111 nuptiarum
652 4051 719 4109 eret,
738 4042 886 4097 notantibus
903 4038 1088 4107 interpretibus
1103 4038 1189 4103 vulgo.

170 4139 239 4192 Hine
258 4154 355 4193 croceo
373 4139 469 4191 amictu
487 4143 586 4194 uelntur
605 4143 771 4211 Hymenaeus
790 4144 871 4195 Omn.
890 4140 955 4194 blei.
975 4139 1009 4203 X,
1032 4140 1068 4203 l.,
1094 4135 1138 4190 ubi
1157 4138 1190 4191 cl.
