3009 4725
483 378 668 452 rmuuu
703 346 789 453 um.
809 381 833 453 1.
852 396 879 452 ⁷.

205 568 248 642 Et
274 565 400 672 Tyriae
421 583 530 642 vestes
555 582 589 640 et
613 562 724 641 dulcis
745 563 831 640 tibia
857 582 960 640 cantu

251 696 294 769 Et
316 694 399 770 levis
423 694 564 771 occultis
587 693 725 771 conscia
751 693 836 769 cista
856 695 972 771 sacris.

203 827 279 899 Huc
305 823 387 899 ades
409 842 444 899 et
467 841 604 900 centum
624 821 716 902 ludis
741 823 960 924 Geniumque
985 823 1118 900 choreis

166 971 203 1027 50
260 951 469 1029 Concelebra
494 969 528 1029 et
551 950 660 1029 multo
683 970 839 1055 tempora
858 953 967 1030 fundo
990 981 1102 1029 mero:

208 1080 303 1155 lllius
328 1099 364 1158 et
386 1082 496 1158 nitido
518 1081 646 1157 stillent
670 1100 845 1186 unguenta
867 1080 1011 1184 capillo,

263 1210 307 1286 Et
330 1212 439 1312 capite
465 1230 498 1287 et
523 1211 612 1288 eollo
634 1211 750 1288 mollia
776 1229 866 1288 eerta
891 1229 997 1312 gerat.

210 1341 268 1416 Sic
295 1341 407 1417 venias
433 1341 618 1418 hodierne:
651 1341 714 1417 tibi
741 1341 819 1416 dem
844 1341 930 1417 turis
954 1316 1124 1431 bonores,

258 1470 345 1545 Liba
371 1487 405 1546 et
429 1472 618 1573 Mopsopio
645 1470 758 1547 dulcia
784 1470 882 1547 melle
906 1473 1023 1548 seram.

171 1597 260 1672 aaut
284 1599 346 1673 tibi
371 1619 566 1676 succrescat
589 1600 723 1702 proles,
757 1629 844 1703 quae
868 1602 958 1677 facta
981 1603 1132 1704 parentis

266 1727 399 1829 Augeat
424 1748 456 1805 et
481 1732 573 1807 cirea
599 1748 663 1806 etet
685 1731 879 1807 veneranda
904 1759 1028 1807 senem

212 1860 282 1933 Neo
307 1877 416 1934 taceat
436 1879 655 1938 monumenta
680 1862 773 1953 viae,
796 1890 898 1963 quem
919 1859 1070 1938 Tuscula
1091 1860 1189 1935 tellus

266 1990 490 2094 Candidaque
514 1993 655 2095 antiquo
682 1991 810 2068 detinet
833 1990 923 2067 Alba
946 1993 1043 2064 Lare.

208 2123 363 2225 Namque
388 2122 514 2225 opibus
538 2140 701 2223 congesta
722 2123 790 2198 tuis
816 2122 872 2198 hic
899 2120 1013 2221 glarea
1036 2119 1124 2194 dura

175 2274 211 2328 60
265 2254 455 2345 Sternitur,
488 2254 546 2329 hic
575 2271 654 2356 apta
677 2253 831 2353 iungitur
856 2270 927 2327 arte
948 2251 1041 2326 silex.

215 2386 264 2459 Te
286 2386 378 2461 canit
402 2384 572 2485 agricola,
604 2411 622 2458 e
647 2412 773 2484 magna
800 2413 878 2461 cum
903 2382 1033 2459 venerit
1054 2381 1140 2456 urbe

265 2516 368 2590 Serus
391 2515 602 2593 inoffensum
627 2514 860 2617 rettuleritque
885 2514 1018 2615 pedem.

217 2648 264 2718 At
290 2662 344 2734 tu,
376 2643 503 2721 Natalis
526 2644 652 2721 multos
678 2642 882 2719 celebrande
907 2671 970 2743 per
995 2671 1122 2732 annos,

268 2774 458 2851 Candidior
481 2803 616 2879 semper
643 2773 892 2874 candidiorque
917 2770 1002 2843 veni.

250 3149 282 3203 V.
293 3152 337 3205 tt.
361 3151 477 3206 dulcio
498 3150 616 3205 deleudtt
631 3153 807 3206 Garutianus
829 3147 908 3201 allato
926 3144 1035 3199 Horae.
1048 3140 1076 3208 1,
1095 3140 1199 3204 tt,1o.

180 3252 208 3299 et
224 3247 365 3302 Prorunr.
376 3250 423 3316 lv,
434 3254 460 3316 4,
472 3254 499 3305 t.
510 3277 547 3288 -
582 3251 616 3304 V.
625 3253 669 3304 to.
688 3249 781 3302 ludis
798 3248 920 3300 Eeonao,
934 3260 986 3295 rec.
1002 3241 1097 3307 altique
1114 3234 1200 3305 pauci.

180 3345 217 3397 Et
232 3347 270 3399 rto
287 3347 354 3423 beno
370 3349 536 3403 emendatum
552 3354 593 3403 ert
609 3366 625 3402 a
642 3350 748 3403 suerro
766 3364 805 3417 pr.
820 3344 913 3411 ludos,
934 3358 1001 3411 quae
1019 3346 1060 3395 ert
1077 3339 1201 3392 librorum

179 3443 236 3497 tero
258 3446 371 3500 omnium
391 3449 483 3513 lectio,
508 3447 620 3514 ideoque
644 3447 758 3516 reposita
781 3446 814 3498 ub
839 3444 1077 3497 Lemanno·
1112 3437 1145 3492 V.
1157 3439 1202 3488 tt.

180 3539 286 3595 ltltur
310 3551 351 3597 et
389 3546 444 3601 Cur
467 3545 575 3616 probem
592 3544 674 3597 Illius
694 3562 708 3594 e
726 3544 835 3597 aliorum
856 3540 974 3595 codicum
996 3538 1148 3602 lectionem,
1174 3538 1204 3587 ut

181 3640 225 3692 alil
244 3642 377 3710 feceruut,
403 3645 552 3712 expositum
569 3644 595 3696 iu
613 3641 802 3713 Explioutioue.

252 3767 285 3821 V.
295 3772 341 3822 ts.
367 3767 520 3823 Candida
543 3786 621 3843 quem
642 3769 722 3837 vulgo
738 3767 771 3821 do
789 3768 938 3821 coniectura
951 3766 1141 3824 Brouxuuru,
1157 3756 1205 3810 rod

180 3863 265 3917 altena
282 3864 324 3920 blo
341 3864 479 3937 emphasis.

256 3991 287 4044 V.
299 3994 343 4045 ot.
368 3993 462 4047 cauit
483 4000 564 4049 reete.
602 3995 690 4062 Vulgo
708 4002 785 4045 canet
805 4007 839 4046 ex
858 3990 1001 4046 Vtrtomo
1018 3987 1132 4048 sumu,
1152 3997 1206 4049 quo

180 4103 232 4141 uon
252 4105 328 4159 opus.
