3009 4725
307 458 355 499 nis
719 431 777 495 DE
798 428 920 497 1³0ssOE

307 573 415 666 studet
431 600 543 664 Deliae
564 610 601 662 ut
619 610 723 661 tamen
742 599 857 663 sudeat
879 601 1004 683 fallere3
1026 603 1124 666 altero
1144 613 1214 685 post
1235 599 1327 664 disci·

307 715 410 793 dium,
441 712 528 798 quod
554 724 659 776 ortum
683 726 767 791 erat,
795 716 970 777 obtestetur
993 718 1130 798 puellam
1158 730 1193 780 ut
1217 715 1328 780 reddat

306 833 459 898 favorem.
509 829 653 891 Tertium
683 850 762 894 vero
792 852 918 893 carmen
944 831 979 893 in
1006 830 1145 915 Corcyra
1176 836 1326 915 scriptum

307 965 379 1008 cum
397 954 579 1024 aegrotaret,
598 942 633 1005 in
648 944 757 1008 mortis
774 943 959 1024 cogitatione
979 958 1131 1023 versatum,
1151 967 1232 1029 quaa
1245 951 1327 1008 'non-

306 1058 369 1121 nisi
395 1059 430 1120 in
450 1058 538 1120 exitu
562 1055 738 1119 dimittitur.
787 1058 825 1118 ln
852 1054 963 1122 dolore
985 1069 1016 1121 et
1036 1059 1166 1143 querele
1186 1070 1330 1122 versatur

307 1175 401 1237 etium
420 1185 509 1236 sexta
529 1171 643 1253 elegia,
674 1172 732 1236 ubi
759 1171 798 1235 de
822 1172 953 1255 perfidie
982 1194 1065 1240 nova
1087 1173 1199 1236 Deliae
1221 1173 1331 1254 agilur.

306 1295 449 1360 Primum
477 1294 612 1379 denique
638 1315 782 1372 carmen,
814 1292 901 1380 quod
921 1295 1101 1359 felicitatem
1124 1294 1180 1356 otii
1199 1315 1275 1357 rure
1299 1306 1330 1356 et

306 1414 341 1474 in
370 1432 477 1476 amore
507 1410 699 1493 transigendi
730 1424 862 1489 tractat,
896 1414 1021 1495 qualem
1054 1413 1150 1490 babet
1181 1412 1327 1473 eroticsm

307 1522 453 1608 partem?
496 1524 589 1591 Sedet
616 1538 710 1609 poeta
738 1523 836 1588 durae
866 1527 984 1590 ianitor
1012 1540 1084 1592 ante
1112 1527 1211 1603 fores,
1242 1524 1331 1588 ssebit

306 1638 385 1704 olim
403 1640 497 1702 Delia
515 1639 550 1701 in
567 1640 680 1702 funere
700 1639 842 1716 amantis,
863 1638 992 1702 interim
1010 1643 1180 1722 iungantur
1200 1660 1331 1715 amores,

309 1751 386 1818 dum
406 1754 550 1834 frangere
577 1764 681 1835 postes
709 1771 775 1816 non
806 1754 904 1834 pudet
932 1766 963 1817 et
986 1756 1073 1817 rixae
1094 1754 1260 1818 inseruisse
1281 1753 1332 1815 iu·

308 1882 372 1933 vet.
422 1867 507 1946 Quid
531 1865 641 1934 rides?
685 1868 823 1933 Dolores
853 1873 970 1935 amoris
1002 1872 1177 1936 mollissimi
1206 1883 1238 1934 et
1264 1873 1333 1952 ipsa

307 1983 423 2064 gaudia
451 1985 530 2047 rixis
559 1985 719 2049 amatoriis
750 1987 860 2050 mixte.
902 1990 1007 2072 Atque
1033 1992 1111 2052 haec
1136 1988 1169 2049 in
1197 1987 1331 2047 Deliam.

310 2098 459 2162 Carmina
480 2099 522 2163 ad
547 2099 707 2164 Nemesim
734 2100 870 2166 vidimus
892 2101 987 2163 modo
1008 2112 1074 2162 tote
1102 2101 1196 2179 plena
1224 2095 1330 2178 queri-

312 2217 431 2279 monia.
472 2215 602 2281 Restant
622 2218 683 2282 tria
700 2217 761 2281 leta
781 2212 1023 2291 consideranda,
1048 2211 1103 2274 ubi
1124 2207 1163 2271 de
1182 2208 1330 2271 Maratho

309 2327 422 2408 agitur.
463 2331 568 2416 Atque
582 2332 616 2396 in
632 2345 744 2417 quarto
762 2330 836 2391 libri
852 2326 947 2410 primi
967 2336 1132 2409 praecepte
1150 2320 1330 2423 decapien·

309 2441 357 2508 dis
378 2448 484 2527 pueris
504 2460 735 2532 proponuntur,
760 2462 929 2526 quaecum
948 2441 981 2502 in
1001 2440 1063 2503 fine
1082 2442 1186 2523 ipsum
1204 2452 1331 2521 poetam

310 2558 494 2641 destituent,
523 2574 560 2625 ut
585 2581 625 2622 ne
646 2558 706 2621 sibi
729 2554 856 2640 quidem
878 2552 1027 2636 prodesse
1047 2574 1081 2616 se
1106 2573 1200 2635 posse
1220 2551 1333 2615 sentiat

310 2695 382 2739 cum
413 2679 545 2760 gemitu,
576 2694 698 2738 summe
728 2673 873 2734 cuminis
903 2672 1070 2734 manifesto
1100 2667 1142 2731 ad
1171 2669 1330 2751 querelam

309 2790 407 2869 redit,
435 2791 559 2856 fastidio
579 2789 719 2853 Marathi
747 2807 856 2852 omnes
880 2784 975 2849 modo
996 2785 1125 2848 traditos
1153 2798 1235 2847 artes
1264 2784 1332 2844 elu-

311 2901 415 2969 dente.
457 2908 495 2969 In
519 2923 606 2969 nono
626 2906 806 2985 gravissime
834 2905 970 2981 exagitet
997 2902 1144 2963 infamem
1169 2897 1331 2980 perfidiam

307 3020 401 3099 pueri
421 3039 521 3100 usque
550 3017 590 3081 ad
617 3018 727 3091 finem,
756 3016 789 3075 in
813 3024 925 3077 octavo
947 3010 1084 3097 denique
1108 3012 1231 3074 dolores
1259 3011 1332 3072 Ms-

308 3133 393 3193 rathi
420 3151 480 3209 per
507 3132 650 3191 Pholoen
671 3139 792 3189 tractat.
842 3129 932 3191 Talia
955 3142 1026 3192 sunt
1047 3128 1197 3190 amatoria
1217 3136 1331 3205 poetae

310 3245 458 3304 carmina.
499 3242 621 3302 Verum
642 3243 733 3304 etiam
762 3242 818 3304 ubi
843 3242 878 3305 in
903 3243 965 3305 alio
993 3249 1176 3320 argumento
1207 3256 1330 3300 amores

308 3355 424 3432 tangit,
447 3364 482 3414 ut
502 3354 582 3415 solet
600 3355 713 3434 fecere,
734 3376 799 3418 non
814 3358 912 3423 leetos
925 3358 1013 3417 lusus
1028 3364 1060 3415 st
1079 3353 1175 3429 iocos,
1194 3349 1251 3413 sed
1272 3349 1330 3414 do·

308 3468 393 3529 lorea
411 3463 650 3583 deacribiq‘id.
664 3470 688 3545 Ι,
703 3473 753 3546 10,
766 3475 806 3531 53
818 3489 886 3551 sqq.
903 3468 942 3542 11,
958 3472 986 3544 1,
998 3473 1037 3527 67
1052 3486 1121 3549 sqq.
1141 3471 1170 3543 5,
1188 3471 1247 3527 101
1260 3486 1334 3551 oqq.¹

310 3578 455 3642 Carmine
476 3582 579 3660 primo
600 3582 676 3644 libri
695 3581 825 3646 secundi
844 3599 967 3643 sacrum
997 3581 1177 3644 embarvale
1199 3582 1330 3657 canitur,

309 3696 344 3756 in
365 3694 494 3777 praedio
514 3697 633 3761 Tibulli
655 3697 742 3781 quod
763 3698 812 3775 fit3
843 3708 889 3759 est
909 3696 1005 3779 igitur
1028 3713 1245 3780 argumentum
1266 3699 1331 3759 lae·

255 3836 259 3844 ·
308 3822 392 3887 tum,
419 3807 473 3873 sed
496 3823 599 3875 tamen
620 3833 687 3875 non
711 3814 828 3876 oblitus
852 3824 900 3875 est
923 3826 1017 3893 poeta
1045 3815 1205 3896 querelem
1226 3811 1329 3875 immi-

309 3946 406 3992 scere.
450 3928 535 3991 Telis
565 3928 650 3991 enim
677 3940 724 3990 est
750 3941 834 3991 totus
864 3924 903 3989 de
930 3928 1047 3991 Amore
1073 3927 1212 3987 intextus
1235 3925 1331 3996 locus,

311 4055 341 4104 et
372 4044 461 4105 facile
492 4045 606 4106 sentias
632 4058 708 4105 'eum
737 4044 830 4104 etiam
859 4064 988 4106 suarum
1014 4051 1087 4102 ante
1108 4057 1330 4099 aerumnarum

309 4156 468 4219 recordari
493 4156 565 4219 dum
589 4159 720 4221 scribat:
748 4159 810 4219 Hei
832 4159 910 4220 mihi
930 4176 1025 4238 quam
1045 4152 1151 4217 doctus
1170 4173 1255 4214 nunc
1274 4152 1331 4215 he·
