3009 4725
342 400 359 437 1.
755 374 812 436 DE
835 372 955 441 POESI

344 555 414 641 quis
445 552 569 616 dubitet
598 549 742 614 lasciviae
778 552 912 615 multum
944 553 1039 615 fuisse
1069 556 1163 619 etiam
1190 560 1223 618 iu
1255 572 1365 640 poetae

343 690 415 734 eum
435 666 563 731 Numeri
583 684 654 730 auu.
702 664 850 729 Profecto
874 663 1076 748 deplorabilis
1097 668 1248 736 dicendus
1269 695 1365 753 amor,

341 786 398 870 qui
427 783 568 865 eorporis
597 779 757 864 animique
785 779 868 845 vires
901 765 1019 865 pariter
1049 787 1079 847 ei
1108 787 1210 867 fregit.
1261 788 1363 872 Atque

341 898 438 961 animi
459 914 624 959 aerumnas
644 915 722 978 quus
744 895 867 975 tulerit,
887 897 961 959 bine
985 895 1085 963 disce:

426 1012 454 1081 Ο
477 1034 535 1095 ego
556 1032 597 1075 ne
618 1009 735 1094 possim
758 1025 861 1075 tentos
883 1011 999 1075 sentire
1021 1012 1155 1093 dolores,
1227 1065 1235 1075 .

467 1126 569 1205 Quam
592 1128 715 1188 mallem
738 1124 772 1187 in
794 1123 903 1206 gelidis
927 1127 1086 1192 montibus
1107 1148 1174 1191 esse
1195 1130 1283 1210 lapis,

404 1221 408 1230 ⁴
424 1245 516 1307 Stare
536 1243 588 1306 vel
606 1239 723 1304 insanis
744 1251 850 1304 cautes
870 1242 1010 1305 obnoxia
1030 1241 1141 1318 ventis,

467 1355 628 1438 Naulraga
650 1378 746 1440 quam
766 1357 845 1422 resti
869 1356 1016 1421 tunderet
1036 1354 1122 1418 unda
1143 1346 1254 1418 maris!

421 1469 516 1534 Nunc
537 1484 570 1534 et
587 1491 694 1534 smera
713 1469 782 1534 dies
804 1483 835 1532 et
854 1471 954 1534 noctis
977 1471 1115 1531 amarior
1134 1469 1246 1529 umbra
1267 1480 1322 1545 est,

465 1583 580 1650 Omnia
603 1607 676 1648 nam
697 1585 779 1647 tristi
798 1597 942 1666 tempora
964 1584 1035 1646 selle
1058 1580 1195 1645 madent.

335 1701 529 1767 Accenderat
547 1702 706 1779 Nemesis,
735 1714 771 1765 ut
789 1699 929 1779 uidetur,
951 1698 1069 1763 callidis
1091 1719 1175 1760 nune
1194 1696 1357 1778 promissis

334 1842 419 1883 nunc
442 1813 659 1902 negationibus
688 1814 729 1879 ad
757 1829 875 1881 tantam
903 1817 967 1884 uim
995 1829 1106 1899 poetae
1129 1814 1218 1895 ignes
1238 1827 1275 1875 ut
1300 1833 1357 1874 nec
1465 1825 1470 1835 ·

333 1935 441 2015 fugere
462 1945 576 2017 posset,
855 1928 857 1931 ’

417 2052 524 2114 Iuruvi
544 2050 689 2132 quotiens
708 2046 886 2111 rediturum
907 2045 947 2106 ad
967 2047 1077 2108 limina
1097 2063 1269 2125 nunquam,
1300 2115 1303 2121 Ι

461 2164 542 2225 Cum
562 2165 643 2223 bene
664 2161 768 2220 iuravi
790 2180 845 2239 pes
866 2172 972 2220 temen
993 2161 1062 2238 ipse
1081 2157 1172 2234 redit,

330 2298 388 2340 nee
410 2276 472 2336 alio
493 2272 588 2335 modo
612 2266 712 2334 obniti
734 2268 808 2330 huic
833 2269 959 2330 effectui
988 2281 1020 2331 et
1040 2268 1215 2351 deprimere
1237 2269 1354 2349 cogite·

329 2391 447 2452 tionem
464 2388 598 2469 puellae·
640 2383 791 2447 Nondum
815 2383 853 2447 ad
875 2405 1032 2449 summum
1053 2398 1193 2449 creverat
1214 2387 1354 2461 morbus,

329 2522 400 2567 eum
425 2502 554 2583 elegiam
576 2501 701 2562 tertiam
725 2502 893 2576 scriberet,
924 2497 1059 2562 necdum
1084 2497 1192 2580 prodit
1213 2498 1261 2561 ibi
1281 2510 1352 2560 tun·
1418 2573 1421 2577 ⁴

327 2631 395 2679 tum
410 2634 596 2693 moerorem,
620 2625 775 2697 quantum
794 2614 828 2674 in
847 2616 1068 2695 sequentibus:
1090 2614 1187 2686 imum
1203 2614 1351 2676 liberiore

327 2730 434 2793 volatu
454 2729 637 2811 phantasiae
661 2725 701 2789 ad
721 2721 859 2809 mythice
878 2724 959 2789 redit
981 2739 1012 2789 et
1032 2726 1067 2790 in
1090 2729 1200 2805 tullum
1222 2748 1350 2812 quoque

325 2866 434 2907 rerum
461 2841 722 2925 contemplatione
752 2850 839 2902 toust
872 2839 1021 2903 mmmm.
1071 2840 1173 2904 Simul
1204 2842 1349 2903 ultimum

325 2961 387 3022 hoe
408 2980 535 3023 cumen
556 2971 603 3020 est
626 2958 681 3019 ubi
700 2955 850 3019 rusticam
876 2956 1024 3020 vitamet
1046 2976 1167 3019 amores
1189 2976 1279 3035 auos,
1308 2959 1349 3020 li-

325 3085 375 3137 cet
393 3076 485 3137 aliter
504 3094 599 3156 quam
621 3092 734 3155 supra,
761 3072 960 3135 consociavit.
1002 3072 1085 3135 Nam
1107 3091 1178 3132 cum
1198 3070 1292 3132 Delia
1312 3087 1349 3137 ut

325 3186 409 3249 socia
430 3186 535 3251 vivere
563 3187 691 3250 volebat
714 3186 748 3247 ia
773 3184 903 3269 praedio
932 3207 1007 3264 suo,
1037 3186 1111 3248 huic
1134 3184 1252 3247 servire
1277 3189 1347 3250 uult

323 3312 358 3361 ut
387 3297 533 3363 dominae
564 3298 597 3361 iu
631 3301 740 3362 alienis
770 3302 861 3381 egris.
914 3299 991 3362 lude
1018 3320 1094 3362 vero
1124 3300 1222 3363 crevit
1249 3302 1346 3367 tristis

321 3417 462 3479 morbus.
504 3413 588 3492 Quid
603 3418 745 3480 acerbius
760 3430 791 3481 et
805 3415 997 3497 desperatius
1012 3428 1127 3499 quarta
1141 3416 1248 3498 elegia,
1267 3419 1345 3503 quid

321 3532 456 3595 flebilius
476 3530 588 3596 sextu?
634 3530 734 3598 Totus
753 3552 838 3596 nunc
859 3530 1045 3616 inproprie
1068 3533 1179 3598 dolore
1198 3549 1345 3601 versatur

320 3648 460 3726 animus,
491 3668 550 3711 uec
578 3646 715 3712 abscedit
746 3669 765 3710 a
793 3649 951 3730 praesenti
986 3646 1165 3712 conditione
1199 3650 1342 3729 cogitatio

319 3776 439 3844 poetae.
488 3759 591 3838 Quem
621 3763 661 3826 sit
692 3785 777 3826 nune
807 3785 898 3845 aeger
926 3787 1050 3846 amore,
1079 3765 1152 3829 inde
1181 3767 1343 3848 intelligas,

319 3876 406 3959 quod
434 3879 486 3941 vel
515 3878 613 3944 avitas
637 3876 727 3941 sedes
748 3877 885 3941 vendere
909 3879 1033 3944 velitsi
1059 3880 1167 3941 iubeat
1187 3880 1341 3958 Nemesis,

318 3990 433 4071 quibus
454 3990 534 4051 nihil
555 3993 657 4053 uerius
683 3991 838 4057 habuerat
858 4013 917 4074 per
937 4003 1035 4053 totam
1056 3990 1168 4069 vitam,
1198 4004 1230 4053 et
1251 3991 1340 4074 quod

314 4104 378 4166 leto
399 4103 462 4164 iam
484 4103 580 4165 ritem
604 4102 768 4167 finitimum
790 4090 887 4167 fuisse
909 4123 942 4165 se
965 4100 1054 4178 dicit,
1085 4103 1148 4165 nisi
1172 4122 1243 4186 spes
1263 4108 1339 4169 reti·
