3009 4725
464 414 574 480 nrnu.
597 416 621 477 ι.
664 413 786 483 Eunu.
808 388 879 482 tu.
1126 428 1185 489 uso

166 612 207 657 tur
225 603 324 666 Osiris,
351 597 420 667 quod
438 596 538 667 primus
557 596 725 651 haecomnia
749 598 829 652 rudes
847 597 962 653 homines
979 599 1107 657 docuerit
1143 606 1182 658 Ae

165 704 199 757 de
215 702 317 756 cultore
333 705 420 751 terrae
438 697 489 750 deo
507 697 571 749 satis
588 695 663 750 dixit.
682 725 715 736 —
745 698 778 751 V.
797 701 833 751 tt
852 713 909 765 sqq.
945 698 1000 752 lam
1019 703 1106 769 porgit
1127 704 1184 756 lon-

163 802 224 870 gius
254 804 283 853 ct
305 802 445 867 postquam
473 795 525 847 vini
553 795 604 847 vim
631 793 762 860 laudavit,
801 796 878 850 doum
907 798 992 867 ipsam
1018 799 1131 853 illustrat
1154 809 1185 855 ut

164 900 251 967 olori,
277 904 386 963 motus,
417 895 467 949 ioci
494 895 628 961 omnique
645 895 751 947 omnino
768 895 916 950 festivitatis
932 905 1076 967 amantem,
1102 904 1183 969 quia

165 1003 276 1058 Graecis
300 999 456 1066 Latinisque
481 1011 542 1050 cura
566 994 672 1049 Bacelro
697 995 835 1064 confusus,
857 998 891 1052 ci.
910 998 1020 1064 Hunno.
1039 1002 1073 1068 ll,
1092 1006 1137 1057 42.
1155 1012 1184 1058 et

164 1103 311 1155 iraaonsu.
329 1095 423 1152 Panth.
441 1097 497 1150 libr.
517 1096 552 1161 ll,
571 1100 596 1160 i,
613 1099 657 1160 6.,
685 1097 765 1150 etiarn
793 1111 879 1150 moros
902 1096 978 1152 huius
1004 1102 1118 1157 creditus
1141 1112 1183 1160 est

167 1199 269 1253 habero
304 1198 456 1252 simillimus
473 1211 536 1249 vero
553 1195 751 1250 Baccho'risus
771 1213 822 1251 uou
839 1204 925 1252 nmen
943 1215 991 1267 pro
1003 1202 1107 1257 Baccho
1124 1207 1182 1275 ipso

164 1315 180 1351 a
200 1302 278 1367 poeta
296 1277 413 1363 iubetur,
433 1298 478 1365 qui
497 1312 548 1350 nou
567 1298 650 1350 solnm
670 1297 737 1350 vites
757 1302 785 1350 et
801 1297 910 1351 arbores
926 1304 1002 1352 caret
1018 1307 1047 1353 ut
1064 1301 1182 1357 Baculus

166 1399 255 1465 (Voss
274 1397 308 1453 ad
327 1397 399 1465 virg.
418 1399 520 1464 Georg.
538 1397 573 1462 ll,
591 1415 617 1466 p.
636 1394 732 1463 uer),
751 1395 799 1449 sed
818 1397 896 1450 etiam
918 1403 1032 1451 aratrum
1048 1399 1184 1466 ἰιιιιιιιιιι,

164 1499 233 1566 quod
251 1514 302 1552 non
320 1499 443 1552 tribuitur
460 1496 583 1562 Baccho,
602 1497 636 1551 cf.
655 1498 812 1550 weronam
830 1498 881 1550 mei
900 1496 1081 1553 Additamenta
1098 1499 1131 1552 ad
1149 1501 1181 1553 li·

166 1597 254 1659 bruna,
279 1610 356 1664 quera
380 1596 485 1664 scripsit
509 1592 821 1662 deTriiog.Aes'cl1.p.
841 1598 956 1648 iffi.-
984 1596 1034 1650 list
1052 1598 1125 1652 loona
1148 1598 1183 1652 oe

167 1692 269 1745 Osiride
293 1692 361 1746 haud
387 1693 465 1746 dubie
492 1691 664 1763 pulcherrima
692 1707 753 1761 pars
781 1694 917 1760 carminis,
944 1695 978 1749 de
1001 1697 1074 1749 coras
1099 1696 1182 1752 iorma

166 1791 268 1858 portior
291 1790 392 1845 tenebis
417 1791 487 1858 qaod
510 1809 527 1844 a
551 1793 623 1845 nullo
649 1793 792 1860 interprete
816 1793 981 1847 observatum
1005 1796 1032 1848 in
1059 1805 1182 1867 promptu

166 1898 252 1944 temen
275 1893 329 1955 est,
358 1890 484 1957 gradatim
510 1908 526 1944 a
555 1892 629 1945 laetis
658 1892 692 1945 ad
719 1892 828 1945 laetiora
853 1898 881 1946 et
904 1895 1042 1948 laetissima
1066 1898 1182 1964 procedi.

164 1987 284 2039 Primum
302 1989 369 2041 enim
387 1988 420 2042 de
437 1989 567 2043 frumento
585 1990 713 2059 etpumia
732 1992 842 2044 inventu
860 1990 969 2056 dicitur3
995 2002 1054 2046 rum
1070 1995 1104 2048 de
1122 1998 1182 2050 vino

165 2089 342 2155 iucundo,.et
361 2089 435 2144 liuius
453 2090 556 2158 quidam
575 2093 614 2144 vis
631 2093 669 2145 sic
687 2093 833 2161 explicatur
850 2093 993 2160 gradatim,
1016 2095 1137 2150 docuisse
1153 2098 1180 2149 id
1297 2092 1301 2098 ’

164 2190 267 2243 omnino
291 2195 394 2243 cantum
413 2196 440 2244 et
464 2191 644 2257 saltationem,
672 2188 817 2245 exhilarare
833 2193 964 2258 agricolae
983 2201 1074 2262 pectm
1092 2195 1181 2249 labore

165 2289 310 2343 comestum
329 2296 357 2342 et
375 2291 470 2344 offerre
488 2292 530 2343 vel
548 2290 654 2342 aliiictis
671 2291 805 2357 requiem
819 2299 954 2359 postremo
970 2293 1051 2361 ipsius
1064 2292 1106 2346 dei
1123 2309 1181 2347 rno-

163 2401 205 2441 res
222 2390 356 2443 laetissimi
374 2390 561 2459 ouvvcopotonpi
580 2386 753 2455 pulcherrimo
771 2391 946 2457 illustrantur,
968 2391 994 2444 in
1012 2406 1064 2459 quo
1080 2408 1180 2447 summa

163 2487 287 2538 untionis
304 2489 431 2540 alacritas
467 2490 507 2541 De
525 2488 634 2542 consilio
657 2490 708 2544 loci
727 2491 753 2543 iu
771 2491 966 2545 Introductione
983 2493 1108 2559 vidimus,
1135 2495 1180 2562 qui

163 2589 262 2636 tentum
287 2585 362 2637 abest
385 2592 415 2637 ut
437 2602 485 2654 pro
510 2587 669 2653 digressione
696 2589 829 2644 habendus
855 2592 905 2656 sit,
932 2595 962 2642 ut
990 2606 1042 2645 non
1067 2595 1181 2661 potuerit

164 2683 283 2737 blandior
306 2686 451 2752 excogitari
477 2686 607 2741 manne
633 2692 699 2744 iaus.
718 2717 754 2732 ·-
787 2690 864 2742 Nune
888 2704 1026 2758 pergamus
1049 2693 1181 2759 explicare

161 2784 272 2851 singula.
301 2785 333 2840 V.
350 2790 386 2838 et
396 2802 436 2853 sq.
457 2802 559 2840 voces
577 2788 770 2842 inflectere
788 2796 903 2853 cantu,
922 2796 1180 2855 numerosemutare,

161 2887 276 2952 varlare,
293 2885 428 2941 modulari.
455 2887 580 2941 Luem.
603 2891 634 2954 V,
655 2894 739 2943 1405:
765 2889 861 2941 ducere
877 2882 1041 2939 multimodis
1058 2902 1134 2936 norea
1152 2896 1179 2936 et

155 2981 267 3050 flectere
284 2992 391 3036 cuatus.
428 2986 493 3038 Aliis
510 2986 536 3038 in
561 2988 626 3040 locis
651 2988 743 3041 molles
767 2994 794 3040 et
819 2987 917 3041 tractas
934 2984 1091 3039 mutationes
1108 2986 1179 3037 uocis

157 3082 292 3154 flexiones
310 3084 445 3150 dicuntur,
469 3091 499 3137 nt
522 3085 582 3139 Cro.
601 3087 634 3139 de
652 3085 726 3138 Orat
743 3086 792 3151 iii,
810 3090 854 3140 26.
901 3086 964 3141 Quo
981 3085 1094 3152 pertinet
1111 3083 1180 3151 apud

162 3182 281 3236 Graecos
305 3179 444 3244 κάμπτειν,
477 3181 585 3253 sonari,
619 3185 653 3239 ci.
677 3189 832 3257 interpretes
855 3188 890 3240 ad
913 3188 1065 3240 Anrsnoun.
1090 3183 1181 3237 Nubes

161 3282 225 3332 utu.
244 3280 298 3332 lav.
318 3309 353 3321 —
381 3284 423 3336 ad
446 3292 565 3338 certos
589 3285 720 3352 modos,
743 3287 777 3339 ad
796 3287 908 3339 musicos
925 3286 1033 3351 modos,
1049 3283 1082 3336 si
1101 3283 1180 3336 masi·

161 3394 252 3437 corum
269 3380 495 3437 instrumentorum
514 3393 629 3439 cantum.
647 3414 682 3426 -
707 3388 827 3441 nescia
852 3385 1012 3449 membra,
1038 3382 1180 3435 mitatiouis

158 3481 267 3549 ignara,
292 3488 322 3534 ut
341 3497 425 3536 nexus
449 3484 535 3539 docet.
572 3486 640 3541 Vide
665 3488 699 3541 ‹le
722 3485 762 3539 liis
787 3484 921 3540 adiectivis
945 3483 978 3537 ad
997 3481 1125 3548 1‚4,4e.
1144 3508 1180 3521 -

161 3593 312 3648 aserere,
330 3590 427 3639 motus,
446 3584 552 3653 propria
569 3584 649 3638 verba
667 3584 701 3638 dc
719 3584 872 3648 saltatione,
889 3589 920 3635 ut
935 3586 1045 3635 constat
1081 3579 1180 3634 Euem-

163 3675 206 3742 pls
222 3680 301 3731 malta
318 3681 532 3736 liaouurrrorrus
549 3681 636 3736 habet.
655 3710 690 3722 -
719 3683 751 3735 V.
769 3685 806 3735 ³9
825 3697 883 3748 sqq.
916 3677 1087 3744 Bacolrus,
1113 3677 1140 3731 i.
1155 3692 1180 3733 e.

163 3770 264 3837 Μῦς
290 3779 358 3830 maia
375 3780 454 3845 enim,
472 3787 502 3833 nt
519 3781 598 3834 etiam
619 3779 750 3833 llarsrus
769 3784 851 3844 notat,
869 3778 981 3832 Osiridis
998 3778 1094 3832 nomini
1112 3790 1180 3828 nunc

162 3869 243 3920 semei
260 3871 330 3925 eliud
348 3876 534 3943 mbstituaast,
563 3879 585 3931 si
603 3878 681 3931 deum
699 3877 849 3945 osiridem,
873 3890 925 3930 non
942 3878 1030 3929 sinam
1047 3873 1180 3940 intelligis.

163 3966 202 4018 tr
218 3981 298 4035 mor·
315 3969 390 4023 dour
414 3987 466 4026 non
483 3990 532 4043 pso
549 3976 642 4030 suas
661 3975 713 4029 ιω
730 3974 863 4029 naniam
883 3981 911 4029 ιι
927 3973 1057 4027 nossa
1075 3971 1181 4024 rouo

162 4064 261 4121 heberi
295 4067 415 4138 Denique
432 4074 545 4128 alienum
563 4092 580 4129 a
597 4078 727 4143 oemnlne,
751 4076 821 4145 quod
846 4074 1004 4145 Aegyptium
1028 4070 1105 4124 (lenm
1123 4070 1181 4123 iaa-

161 4164 220 4231 ὀπί,
249 4165 346 4223 Bacchi
371 4170 468 4225 urasct
492 4188 541 4242 pro
559 4173 664 4231 Osirlta
690 4191 790 4233 noman.
808 4203 841 4216 -
869 4170 1048 4229 tristitiae
1070 4168 1181 4225 disso-
