3009 4725
451 242 561 305 LIBR.
584 241 640 305 IV.
684 241 813 307 CARM.
836 244 907 307 wi.
1128 252 1188 313 tar

171 419 220 466 rnt
257 413 302 466 Sic
319 409 380 465 nihil
400 411 526 479 estquod
545 411 655 477 nddcm3
672 427 731 465 nam
749 428 895 482 perversam
915 415 1110 472 collocationem
1131 434 1189 473 rer-

170 513 275 577 borum,
301 527 368 579 qnae
388 513 485 565 Vossro
503 513 621 580 ridetur,
639 529 708 581 nego
727 530 794 568 esse.
812 540 848 554 -
879 516 911 569 V.
931 520 948 568 3
965 533 1005 584 sq·
1032 516 1188 573 Exorata

170 614 252 666 meis
277 612 451 678 Camenis,
478 617 509 665 ut
525 612 633 682 Sappho
649 613 676 665 iu
694 615 823 668 Venerem
841 630 943 668 carmen
962 618 1066 685 scripsit
1084 619 1191 673 notissi-

170 726 255 774 mum,
279 726 331 777 quo
350 726 425 781 opem
444 711 501 763 eius
518 712 646 792 implorat.
664 740 700 752 -
725 715 863 767 Attulit.
899 714 998 781 Magne
1019 718 1132 771 suavitas
1149 725 1190 770 est

171 811 328 875 sententiae,
356 826 471 864 amorem
498 828 514 864 a
539 813 644 865 Venere
662 814 769 867 allatum
793 821 820 867 et
843 816 868 867 in
887 817 944 868 sinu
964 818 1066 887 puellae
1084 818 1190 888 deposi-

170 919 234 965 tum.
270 911 338 964 Nam
364 912 457 963 illum
486 909 552 964 lraurl
574 913 659 975 ,dubie
682 914 715 966 ad
740 931 854 969 amorern
879 919 1007 985 pertinet,
1034 934 1189 985 quamquam

171 1012 262 1064 subest
279 1011 338 1063 loco
359 1027 450 1063 sensus
467 1010 523 1064 hier
552 1014 693 1066 formosum
714 1016 832 1069 iuvenem
850 1034 866 1069 a
886 1019 989 1071 Venere
1006 1019 1144 1074 adductum
1164 1021 1191 1072 in

171 1109 307 1177 amplexus
324 1111 434 1177 puellae.
469 1112 611 1181 Perpetem
630 1114 710 1180 igitur
726 1115 850 1168 Vunnrus
868 1122 895 1168 et
910 1107 1043 1172 H'Irnrua
1061 1121 1095 1172 ad
1112 1119 1189 1172 illurn

170 1210 292 1279 supplent
318 1209 471 1261 Cerinthum
496 1210 610 1262 noudum
634 1219 812 1266 memoratum.
849 1214 918 1270 Quis
946 1231 1008 1268 vcro
1036 1232 1087 1271 nun
1110 1218 1190 1271 sentit

170 1318 267 1378 quanto
295 1308 357 1360 illud
386 1311 419 1360 sit
446 1308 601 1376 pulchrius?
647 1309 738 1362 Discas
767 1320 853 1366 autern
882 1313 932 1367 hoc
960 1318 1030 1369 claro
1059 1318 1189 1386 exemplo,

172 1410 234 1476 quid
252 1410 355 1462 intersit
380 1411 552 1462 interveram
572 1410 823 1476 persouiiicationem
843 1418 870 1465 et
892 1416 1053 1481 speciosam
1081 1433 1132 1471 non
1151 1425 1211 1472 eat.

169 1506 211 1560 hic
229 1508 293 1560 dens
311 1510 409 1573 Amor,
438 1515 469 1560 ut
494 1525 542 1562 neo
569 1525 647 1577 supra
674 1512 700 1563 ln
718 1513 771 1563 tine
789 1513 965 1566 antecedentis
983 1516 1116 1582 carminis,
1141 1519 1189 1571 sed

170 1606 248 1658 ardor
271 1607 411 1659 amatorius
435 1623 493 1660 cunr
512 1607 615 1674 gaudih
638 1610 708 1673 suis,
734 1610 849 1676 loquitur
866 1626 928 1663 vero
945 1611 977 1665 de
997 1629 1029 1665 eo
1049 1622 1189 1685 tamquam

169 1705 202 1757 ‹le
231 1721 340 1773 persona
368 1708 408 1759 vel
435 1722 465 1759 re
493 1707 631 1776 corporali·
679 1707 807 1761 Conferre
835 1709 932 1762 iuvabit
960 1710 1081 1766 Prnntu.
1112 1711 1189 1767 Nem.

170 1807 243 1872 VIII,
261 1811 295 1860 62
322 1801 370 1857 οἷοι
394 1807 507 1877 (iporeae)
532 1811 577 1858 nul
594 1802 659 1867 Διὶς
676 1808 788 1874 AEyc'ruc
806 1828 834 1860 rr
852 1809 958 1878 λέκτρον
974 1813 1090 1871 ποιμένες
1107 1807 1188 1873 ἀμφι·

169 1901 288 1975 πόλησαν
310 1908 435 1981 Κυπρίας
460 1902 565 1977 δώρων,
590 1907 635 1959 ubi
660 1909 757 1976 pariter
781 1908 815 1961 de
838 1907 886 1960 hnc
910 1924 939 1961 rs
957 1911 1052 1963 monui.
1070 1939 1105 1952 -
1133 1911 1190 1965 Po-

168 2012 266 2059 stremo
284 2006 318 2060 ‹le
335 2008 516 2061 coniunctione
535 2007 672 2073 singularis
697 2012 724 2060 et
747 2007 853 2076 pluralis
876 2010 962 2061 meis
982 2037 1018 2050 -
1036 2015 1190 2064 nostrum

169 2107 201 2160 ct.
221 2107 242 2172 l,
262 2112 288 2173 9,
306 2110 351 2160 48.
368 2113 396 2160 et
411 2107 477 2160 intra
498 2109 541 2170 ll,
559 2109 586 2170 5,
605 2109 631 2158 6.
668 2105 726 2157 Non
752 2110 810 2158 erat
834 2121 915 2172 qnare
940 2105 989 2161 hoo
1012 2108 1187 2175 negligentiae

168 2210 293 2264 tribueret
312 2209 448 2262 Hrrurus.
467 2236 502 2248 -
529 2207 561 2260 V.
580 2185 672 2274 5'sqq.
697 2205 865 2260 Exsolvit
881 2211 1049 2276 premiere
1065 2210 1188 2262 Venus.

168 2304 218 2356 Est
235 2307 369 2373 probabile
387 2308 454 2356 iuter
471 2314 547 2368 rote,
574 2323 632 2357 cum
655 2315 793 2361 urerentur
817 2313 889 2376 ture,
918 2311 1031 2380 puellam
1050 2309 1188 2378 aliquando

169 2420 244 2457 omen
263 2404 325 2456 felix
342 2404 390 2455 sibi
408 2406 488 2456 risam
507 2405 661 2469 observare,
686 2407 719 2457 ci.
742 2408 777 2470 ll,
794 2410 822 2469 2,
840 2413 883 2460 ro.
902 2437 937 2450 -
966 2427 1036 2465 meu
1062 2410 1189 2479 gaudia

170 2509 288 2557 narret
307 2509 357 2557 etc.
383 2501 407 2555 h.
427 2518 450 2556 e.
469 2503 590 2555 differant
614 2504 705 2567 invidi,
732 2505 755 2555 al
772 2504 859 2568 lubet,
885 2510 1041 2572 quitatibus
1059 2526 1110 2564 non
1129 2519 1190 2565 sunt

169 2605 253 2672 potiti.
273 2630 305 2642 -
331 2618 395 2655 uon
414 2600 670 2667 habuissem,
690 2617 750 2654 curu
769 2601 834 2656 haec
851 2605 929 2657 lectio
947 2610 1109 2663 commodum
1127 2630 1190 2668 sea·

167 2721 224 2759 sum
250 2704 388 2773 praebeat,
416 2720 467 2756 non
493 2708 533 2756 est
556 2720 636 2771 quare
660 2720 739 2755 suom
764 2703 932 2772 postulemus.
951 2732 987 2743 -
1026 2703 1097 2758 Non
1123 2723 1188 2776 ego

170 2805 324 2872 signatis
351 2811 400 2856 etc.
437 2803 497 2869 Ego
516 2818 592 2868 vero,
620 2802 684 2856 dicit
704 2817 757 2869 qno
780 2817 849 2855 nuuc
867 2810 907 2856 est
931 2804 957 2855 in
976 2803 1073 2856 effectu
1091 2807 1187 2872 puella,

171 2911 224 2957 tarn
242 2919 333 2973 parurn
352 2903 430 2955 celari
448 2918 562 2955 amorem
582 2917 668 2955 meum
687 2902 780 2970 cupi0‚
807 2907 837 2954 nt
854 2908 956 2971 apertas
974 2901 1071 2970 possim
1089 2903 1189 2970 episto-

174 3005 212 3056 los
233 3020 305 3057 meas
325 3003 358 3055 ad
378 2999 528 3055 Cerinthum
547 3004 649 3055 mittere
668 3007 696 3055 et
712 3017 789 3054 sensu
806 3000 883 3053 culmi
902 3001 982 3053 etiam
999 3000 1107 3053 aliorum
1125 3015 1190 3053 ocu-

167 3104 200 3157 lis
224 3119 363 3173 exponere.
406 3102 500 3169 Neque
525 3108 610 3156 tamen
635 3102 698 3155 fecit
722 3102 759 3156 lta
783 3107 829 3154 aut
852 3101 953 3154 iactura
976 3105 1031 3166 est,
1057 3098 1187 3154 sed'sunt

170 3203 235 3259 haec
256 3206 339 3258 calida
356 3205 435 3258 rerba
454 3206 571 3273 puellae,
598 3221 665 3273 qnae
684 3211 821 3273 postquam
841 3204 990 3257 certissimis
1014 3203 1096 3270 signis
1113 3218 1187 3256 anro-

171 3320 226 3359 rem
258 3302 372 3358 cerinthi
404 3303 544 3371 cognovit,
576 3304 620 3356 rix
649 3303 761 3355 sustinet
787 3305 915 3356 occultam
944 3303 1012 3357 terre
1038 3304 1188 3359 felicitatem

168 3421 249 3459 sunm.
286 3400 323 3456 Et
342 3408 414 3456 certe
432 3417 501 3455 nnnc
518 3401 669 3469 parentibus
693 3398 746 3451 suia
766 3399 890 3454 indicarit
910 3418 940 3456 ae
964 3402 1034 3456 nolle
1050 3403 1094 3456 alii
1111 3419 1188 3471 quem

168 3503 293 3557 Cerintho
311 3504 417 3558 nubere.
430 3531 464 3542 -
483 3500 637 3567 signatis
655 3500 812 3567 tabellis,
831 3504 947 3571 epistolis
964 3505 1104 3570 amatoriis,
1122 3521 1188 3572 qua·

168 3606 207 3659 les
232 3607 299 3657 inter
323 3611 438 3658 amantes
462 3602 616 3654 discurrunt
661 3603 764 3657 Ceratis
790 3603 885 3656 tabulis
910 3605 1051 3671 inscriptae
1075 3604 1186 3669 litterae,

169 3712 199 3759 ut
217 3708 334 3770 constat,
352 3704 556 3772 obsignabantur
572 3707 677 3766 annulo.
695 3735 733 3749 -
758 3704 808 3758 Ne
825 3706 921 3771 legat
938 3704 971 3756 id
991 3719 1093 3758 nemo.
1129 3703 1187 3758 No-

170 3805 237 3857 tubis
258 3804 323 3857 duas
346 3807 497 3871 negationes
522 3821 579 3859 cum
605 3812 632 3868 vi
652 3832 699 3892 pro
718 3824 771 3864 ana
794 3805 908 3875 positas,
932 3808 964 3855 ut
986 3816 1028 3870 np.
1045 3803 1190 3857 Pnorrcnn.

167 3902 203 3968 II,
223 3906 267 3966 19,
287 3905 338 3953 ³2:
362 3899 467 3953 absenti
483 3921 556 3955 nemo
574 3926 608 3963 ηρ
625 3919 749 3989 nocuisse
768 3903 846 3962 velit,
880 3900 1192 3957 bullionensium

169 3998 350 4068 Disputatione
375 3997 409 4052 de
437 4001 566 4066 particulis
595 4030 625 4087 et
654 4005 859 4120 ppon⁰mltlibus
884 3998 1015 4077 negativis
1039 3998 1146 4054 (irretit
1169 4002 1198 4053 et

372 4113 376 4119 '
852 4102 926 4164 29*
