3009 4725
307 343 369 426 ina
543 361 825 430 coimmunis.
847 360 892 421 m
915 360 1087 463 risuum

304 541 375 604 tant,
393 537 426 592 ad
444 538 513 608 quod
532 546 586 593 tum
604 539 769 610 proiecturus
787 539 866 593 luerit
883 546 976 609 poeta3
1003 537 1051 591 sed
1068 535 1118 591 boc
1135 554 1205 595 nunc
1222 542 1323 598 reluta·

304 640 375 692 tione
394 638 516 693 uberiore
534 655 585 694 non
604 645 682 707 eget,
704 647 842 710 postquam
860 644 992 707 repertum
1011 636 1081 705 quod
1098 637 1153 689 sine
1172 647 1324 696 controver-

304 741 343 792 sia
362 756 459 796 rerum.

375 840 535 893 Accedamus
562 856 630 894 nnnc
656 841 761 910 propina
786 840 819 894 ad
846 857 949 896 carmen
974 841 1074 908 ipsum,
1099 838 1167 905 quod
1185 841 1321 906 egregium

302 941 359 1003 est,
376 939 439 992 licet
456 940 489 990 ab
508 940 674 993 adolescente
692 940 824 1005 seriptum.
860 938 927 992 Nam
947 938 1050 1002 ingenia
1068 951 1128 988 vere
1146 937 1249 1004 poetica
1268 938 1320 990 iarn

302 1038 329 1090 in
354 1038 531 1092 adolescentia
549 1038 663 1108 produnt
687 1037 773 1103 qualia
797 1036 863 1099 sint,
889 1049 938 1087 nec
961 1035 1051 1086 dubito
1068 1033 1177 1085 formam
1195 1040 1222 1086 et
1240 1036 1319 1086 ratio·

303 1152 362 1191 nem
382 1141 502 1194 carminis
525 1139 576 1189 iam
599 1143 653 1187 tum
673 1136 710 1186 ita
736 1134 903 1200 compositam
930 1138 960 1183 nt
985 1131 1124 1197 lrabemus,
1148 1133 1198 1184 etsi
1221 1140 1320 1200 postea,

301 1253 360 1291 enm
384 1244 455 1291 totus
481 1237 547 1290 iiber
572 1236 669 1303 primns
697 1233 835 1297 ederetur,
863 1233 944 1285 dictio
970 1232 1011 1286 bic
1036 1234 1089 1286 illic
1116 1232 1199 1284 limari
1228 1232 1322 1298 potuit.

301 1337 474 1392 Vehementer
490 1335 571 1400 igitur
586 1338 722 1397 errarunt,
749 1335 793 1397 qui
812 1332 905 1384 librum
922 1333 1027 1383 tertium
1046 1331 1238 1383 adolescentiae
1257 1345 1323 1396 poe-

301 1444 344 1490 tas
362 1438 522 1498 tribuerunt,
549 1434 624 1501 qnasi
642 1440 705 1486 tunc
729 1439 782 1485 tam
808 1433 962 1500 imperfecta
980 1439 1008 1485 et
1026 1434 1065 1485 sni
1085 1431 1218 1484 dissimilia
1236 1429 1322 1484 iacere

300 1537 424 1604 potnerit.
468 1533 566 1586 Confer
584 1549 651 1600 qnae
669 1532 720 1584 alio
739 1532 798 1584 loco
816 1530 944 1599 disputavi
971 1532 1004 1583 de
1030 1533 1113 1599 primo
1137 1531 1242 1596 Hymno
1260 1532 1322 1583 Pin-

301 1633 373 1698 dari,
399 1638 427 1684 et
451 1630 518 1683 adde
543 1646 622 1683 carm.
649 1629 728 1696 Pytn-
745 1629 797 1694 X.‚
825 1630 894 1696 quod
913 1631 1005 1697 viginti
1029 1645 1110 1682 anuos
1128 1637 1205 1684 natus
1220 1631 1324 1698 scripsit

301 1729 442 1782 Thebanus
467 1704 561 1797 poeta3
588 1744 620 1781 ne
645 1728 696 1780 alia
721 1743 790 1780 nunc
816 1728 888 1795 plura
910 1729 936 1779 in
955 1727 1019 1781 lianc
1043 1745 1097 1782 rem
1121 1730 1257 1797 disputem.
1294 1730 1323 1782 le

301 1829 368 1879 riam
387 1827 483 1891 redeo;
502 1828 635 1881 rideamus
654 1834 844 1895 argumentum.
881 1828 1031 1882 Relicturus
1043 1829 1162 1882 Tibullus
1177 1829 1280 1884 domum
1296 1836 1323 1881 et

300 1930 424 1982 rusticam
441 1928 521 1981 vitan
539 1944 554 1980 n
572 1944 654 1998 puero
675 1929 724 1981 sibl
742 1943 845 1994 earam,
872 1928 982 1980 effundit
999 1929 1085 1980 statim
1104 1928 1130 1979 in
1148 1929 1322 1995 principio

285 2030 434 2094 0dolorem,
459 2044 511 2096 qno
536 2036 731 2081 commoretur:
759 2029 904 2081 detestatur
928 2044 1003 2080 enses
1021 2034 1049 2080 et
1067 2029 1134 2081 belis
1152 2037 1180 2081 et
1196 2030 1321 2082 bellorum

301 2148 404 2185 censam
422 2131 563 2196 avaritiam,
582 2130 671 2184 laudat
686 2136 779 2183 contra
795 2130 986 2198 simplicitatem
1002 2136 1028 2180 et
1041 2131 1206 2183 securitatem
1224 2133 1323 2200 priscae

301 2234 393 2286 aetatis
412 2248 470 2284 cum
489 2231 601 2283 nondum
620 2231 690 2283 serro
708 2230 890 2292 dimicaretur,
915 2233 942 2279 et
965 2229 1084 2292 queritur
1107 2243 1176 2279 nuuc
1201 2229 1234 2279 ad
1254 2231 1322 2281 bella

301 2349 331 2387 se
352 2333 417 2387 trabi
437 2339 464 2386 et
481 2334 559 2386 obiici
580 2331 688 2385 bostium
710 2332 778 2383 telis.
814 2327 898 2381 lude
917 2341 979 2378 sero
997 2342 1026 2378 se
1043 2326 1170 2378 convertit
1187 2326 1221 2378 ad
1239 2327 1321 2379 Lares

301 2434 383 2484 avitos
404 2433 503 2501 praedii
521 2439 548 2487 et
566 2447 658 2499 preces
676 2430 738 2483 iacit
758 2428 898 2482 identidem
914 2443 962 2497 pro
981 2428 1066 2479 salute
1084 2442 1147 2492 sua,
1171 2433 1247 2480 ntae
1264 2442 1322 2479 ser-

301 2536 363 2582 uent
379 2532 406 2581 in
425 2533 499 2585 bellis
517 2532 690 2597 incolumem,
715 2537 844 2597 voratque
871 2531 902 2582 iis
921 2544 1027 2598 porcum
1045 2544 1093 2596 pro
1112 2527 1198 2579 reditu
1214 2527 1247 2579 ad
1267 2544 1324 2583 mo-

300 2640 356 2687 rem
375 2632 502 2699 priscum,
521 2639 550 2685 ut
568 2634 629 2686 olim
648 2634 764 2687 contenti
782 2632 879 2686 tuerint
893 2630 1065 2698 simplicitate
1077 2643 1226 2693 sscronrm,
1246 2643 1324 2695 quam

301 2735 414 2786 suaviter
439 2734 578 2800 describit,
604 2736 711 2789 militiae
735 2750 798 2787 vero
825 2734 934 2801 gloriam
961 2733 1019 2785 aliis
1044 2733 1188 2798 relinquere
1205 2729 1323 2783 sedicit.

301 2832 408 2901 lamque
426 2848 520 2901 magno
539 2850 598 2887 cum
617 2835 715 2887 affectu
739 2850 859 2888 reversus
886 2832 919 2886 ad
946 2832 1143 2885 detestationem
1162 2832 1239 2895 belli,
1261 2846 1325 2897 gra-

300 2930 368 2984 viter
386 2932 516 2983 tristitiam
535 2932 626 2984 mortis
643 2931 762 2999 depingit
781 2938 807 2985 et
825 2932 965 2984 inferorum
985 2932 1118 2996 locorum,
1147 2946 1215 2998 quae
1238 2935 1324 2982 tamen

302 3038 468 3098 praemature
489 3037 653 3083 arcessantnr
676 3031 730 3083 iata
753 3030 787 3082 ab
814 3013 961 3082 bominibus
983 3031 1065 3081 stulto
1088 3029 1184 3082 iurore.
1220 3030 1324 3084 Quanto

301 3128 418 3195 felicior,
443 3131 546 3198 pergit,
573 3129 596 3181 is
617 3134 673 3193 est,
701 3127 743 3178 cni
763 3126 832 3178 domi
851 3141 1039 3180 consenescere
1056 3127 1119 3180 licet
1136 3128 1204 3178 inter
1221 3141 1282 3178 suos
1297 3125 1324 3176 in

301 3228 415 3280 rusticae
441 3228 508 3280 uitse
533 3226 674 3279 securitate
701 3230 730 3277 et
753 3225 919 3294 simplicitate
943 3229 1092 3295 praeclara3
1122 3227 1162 3278 sic
1186 3242 1238 3293 ego
1261 3225 1324 3278 sim!

302 3326 410 3378 Transit
435 3325 494 3379 lrinc
518 3325 551 3378 nd
569 3325 647 3378 Pacis
674 3324 777 3377 laudem
795 3324 946 3391 egregiam,
974 3327 1000 3378 in
1028 3341 1079 3392 qua
1103 3326 1181 3377 etiam
1208 3326 1326 3377 exitus

304 3423 424 3473 carminis
442 3427 524 3476 inest:
550 3422 685 3492 praedicat
703 3420 804 3474 debitas
822 3424 910 3491 copias
929 3425 1028 3476 rurales
1045 3423 1108 3476 Paci
1127 3429 1154 3475 et
1171 3422 1264 3490 gandia
1282 3422 1324 3472 in-

304 3517 405 3584 cunda,
423 3520 567 3575 detestatur
585 3522 670 3574 denuo
689 3519 810 3573 bellicam
828 3521 966 3587 ferociam,
985 3529 1012 3574 et
1031 3527 1107 3573 vocat
1125 3526 1212 3572 contra
1230 3520 1324 3571 almam
1491 3536 1492 3547 ¹

305 3616 390 3680 dmm,
409 3622 439 3668 ut
459 3619 544 3669 veniet
560 3620 733 3672 abundantiae
751 3619 833 3684 signis
851 3628 949 3672 ornata.
985 3620 1026 3673 Ita
1045 3628 1131 3689 poeta
1167 3617 1325 3672 Considere-

304 3735 362 3773 mus
380 3733 448 3772 uunc
466 3721 687 3787 compositionem.
724 3720 774 3773 Est
792 3727 878 3772 autem
903 3720 1039 3773 maniiesto
1063 3721 1199 3789 primarius
1216 3718 1326 3771 affectus

304 3821 425 3874 carminis
442 3819 517 3872 dolor
536 3821 570 3872 ob
589 3821 730 3875 discessum
749 3838 765 3873 a
785 3822 891 3890 praedio
909 3822 995 3885 avito,
1015 3837 1031 3873 a
1049 3821 1239 3875 consuetudine
1256 3822 1327 3871 vitae

304 3922 420 3975 rusticae
439 3923 588 3987 canusima,
605 3939 682 3989 quem
698 3924 826 3974 consolari
845 3926 953 3973 conatur
970 3938 1017 3991 sps
1036 3922 1152 3987 reditus,
1170 3930 1197 3976 et
1217 3922 1329 3975 redeunt

305 4025 392 4073 omnia
410 4038 451 4086 eo,
469 4028 498 4073 ut
515 4038 578 4091 prae
596 4023 688 4076 militia
706 4028 733 4074 et
751 4023 821 4075 bello
840 4022 961 4074 laudetur
979 4022 1089 4097 ielipitas
1105 4023 1197 4076 idealis
1214 4021 1328 4073 rusticae

304 4120 374 4172 vitae
391 4120 417 4172 ln
436 4135 502 4189 pace
520 4126 604 4175 actae.
642 4117 771 4173 Dividitur
796 4135 858 4175 vero
884 4125 967 4175 totum
995 4122 1046 4185 its,
1074 4128 1104 4174 ut
1128 4120 1155 4173 in
1178 4117 1328 4173 exordio
