3009 4725
306 435 426 477 cxxxvi
713 413 771 475 DE
793 411 912 480 POESl

308 596 470 649 contentae
498 597 530 647 et
557 605 705 647 arvorum
734 586 790 647 ubi
817 607 880 669 pax
907 600 1033 668 regnat,
1062 587 1325 674 quemadmodum

307 697 395 763 vides
417 702 493 779 eleg.
508 701 533 777 l,
554 706 568 761 1
594 713 624 761 et
644 702 668 779 l,
686 698 750 763 to?
793 703 940 769 Eiusdem
960 708 1081 787 generis
1102 711 1273 790 praesentis
1295 723 1325 771 et

307 814 437 895 mythici
467 813 617 896 temporis
651 817 824 897 oppositio,
859 831 895 880 ut
922 842 992 883 cum
1021 822 1052 900 1,
1074 828 1104 885 3.
1133 825 1168 885 in
1197 827 1325 907 querela

306 940 418 1011 poetae
449 931 563 992 morbo
591 932 679 1009 gravi
706 933 739 993 in
768 932 881 996 itinere
909 937 1022 999 bellico
1052 938 1189 1020 correpti
1213 939 1327 1018 legitur

308 1065 421 1106 aureae
452 1045 560 1109 aetatis
592 1044 776 1128 descriptio,
807 1051 862 1112 ubi
895 1071 961 1115 non
993 1053 1076 1116 bella
1105 1075 1163 1116 nec
1189 1055 1328 1117 habendi

308 1156 461 1239 cupiditas
483 1179 540 1220 nec
561 1170 610 1222 tot
628 1160 698 1223 viae
722 1163 848 1241 mortis,
880 1179 933 1227 aut
956 1187 1028 1229 cum
1050 1168 1128 1248 eleg.
1144 1169 1190 1247 ΙΙ,
1211 1175 1241 1231 3.
1263 1190 1328 1232 ser·

306 1273 416 1336 vitium
445 1276 614 1356 mythicum
641 1277 796 1359 Apollinis
822 1301 882 1362 pro
907 1301 1014 1345 amore
1039 1282 1144 1345 omnia
1168 1285 1330 1345 tolerantis

307 1387 479 1451 hodiernae
502 1389 649 1471 pravitati
673 1412 798 1455 morum
824 1394 1005 1475 opponitur.
1055 1394 1121 1457 Nee
1144 1393 1229 1478 quod
1257 1408 1329 1476 post

309 1503 409 1587 Elysii
434 1502 545 1585 gaudia
569 1506 716 1570 rivalium
737 1509 772 1569 in
793 1509 927 1572 Tartaro
951 1529 1072 1590 poenae
1093 1510 1117 1585 J,
1133 1518 1163 1572 3.
1185 1522 1246 1571 aut·
1260 1510 1284 1586 1,
1299 1516 1329 1572 5.

308 1633 381 1701 post
399 1622 644 1683 exsecrationem
661 1622 751 1683 lenae
770 1616 879 1683 sedula
896 1622 999 1684 officia
1019 1623 1165 1685 amatoris
1182 1622 1330 1704 pauperia

309 1732 546 1815 deseribuntur,
585 1749 616 1798 et
646 1758 726 1820 quae
756 1748 830 1799 sunt
857 1737 968 1799 similia
998 1740 1114 1821 partim
1143 1759 1239 1821 supra
1267 1740 1330 1800 iam

312 1861 498 1926 memorata,
522 1847 581 1910 erit
603 1849 659 1932 qui
677 1869 743 1912 non
763 1848 879 1913 laudes
921 1849 1002 1912 Nam
1024 1852 1102 1914 haec
1124 1854 1230 1914 omnia
1251 1865 1331 1933 apta,

311 1962 473 2028 commoda
510 1965 632 2026 ratione
670 1963 879 2045 oppositionis
914 1968 1047 2048 placent.
1107 1967 1244 2044 sennua,
1276 1969 1331 2043 ais,

309 2079 389 2140 nihil
415 2078 639 2161 repugnantiae
661 2097 745 2151 esse,
775 2078 832 2139 ubi
852 2078 985 2143 alterum
1004 2079 1169 2159 laudatur,
1197 2084 1328 2142 alterum

311 2191 478 2254 damnatur
501 2190 736 2270 oppositorum3
764 2188 844 2253 illud
866 2213 1071 2274 quaeramus,
1102 2209 1209 2254 annon
1234 2191 1327 2252 enam

310 2303 403 2367 simul
431 2315 592 2384 ponantur
627 2325 708 2389 quae
740 2327 805 2370 non
834 2306 1000 2371 videantur
1036 2325 1126 2388 posse
1162 2307 1330 2371 conciliari.

312 2414 375 2478 Sed
398 2438 502 2500 neque
527 2419 587 2482 hoc
609 2440 729 2483 verum.
778 2421 931 2482 Errarunt
953 2415 1037 2481 haud
1060 2417 1156 2483 dubie
1176 2419 1329 2503 Heynius‚

311 2530 444 2594 Vossius
471 2534 602 2617 aliique,
636 2536 692 2619 qui
720 2537 918 2600 sarcasticum
947 2535 1053 2598 locum
1078 2535 1123 2614 11,
1144 2539 1179 2611 3,
1202 2539 1331 2597 35-60.

312 2647 369 2708 ubi
389 2649 518 2710 luxuria
538 2646 679 2712 Nemesis
701 2664 732 2712 et
751 2649 858 2713 rivalis
881 2649 1071 2730 exagitatur,
1098 2667 1239 2731 pugnare
1264 2666 1332 2709 cre·

314 2758 462 2824 diderunt
482 2786 552 2828 cnm
572 2767 681 2828 ceteris
702 2763 845 2845 partibus
867 2762 1012 2825 carminis
1035 2762 1149 2827 amoris
1169 2773 1332 2843 praestan·

311 2877 387 2940 tiam
414 2882 634 2957 tractantibus3
664 2897 738 2937 nam
766 2898 824 2938 cur
849 2874 945 2937 ardor
975 2876 1090 2937 amoris
1119 2888 1151 2937 et
1175 2876 1333 2955 castigatio

312 2993 433 3055 ironica
462 2995 607 3056 luxuriae
639 2990 788 3072 puellaris
818 3009 924 3050 secum
956 2983 1124 3069 pugnent?
1184 2986 1334 3052 Similiter

311 3104 378 3169 irae
412 3127 484 3169 cum
515 3103 682 3186 cupiditate
714 3113 744 3161 et
776 3097 931 3162 desiderio
965 3097 1158 3164 concordant
1187 3102 1268 3164 bene
1298 3103 1332 3164 iu

313 3244 438 3300 amore,
462 3232 516 3281 aut
532 3218 676 3280 lacrimae
693 3236 766 3277 cum
783 3215 961 3295 voluptate,
989 3214 1080 3278 fletus
1101 3238 1172 3280 cum
1188 3216 1333 3297 indigna·

312 3341 418 3412 tione,
457 3333 560 3394 minae
581 3348 662 3390 cum
695 3328 852 3411 precibus.
918 3330 1028 3392 Discas
1060 3332 1135 3394 hinc
1167 3352 1231 3414 quo
1261 3333 1332 3392 iure

315 3447 457 3532 Heynius
489 3457 526 3505 ut
556 3445 757 3506 invenustum
789 3442 983 3509 damnaverit
1014 3460 1046 3508 et
1078 3450 1156 3509 alius
1187 3447 1332 3507 carminis

313 3565 523 3641 fragmentum
543 3560 678 3624 voluerit
699 3581 766 3623 esse
789 3561 908 3625 exitum
930 3562 1045 3642 elegiae
1061 3562 1085 3637 1,
1102 3566 1148 3637 5.,
1169 3560 1225 3620 ubi
1240 3571 1333 3639 poeta

314 3688 385 3758 post
406 3677 520 3738 multas
542 3678 684 3758 querelas
706 3687 778 3738 ante
799 3676 927 3738 ianuam
948 3686 1105 3756 postremo
1127 3692 1159 3735 se
1180 3691 1332 3735 revocans

315 3815 386 3857 cum
406 3793 553 3857 irrisione
580 3789 723 3871 discedit,
757 3793 862 3874 qualia
888 3813 927 3853 nc
951 3791 1073 3874 puellae
1100 3787 1229 3873 quidem
1253 3786 1333 3853 adeo

314 3911 444 3971 moleste
466 3908 619 3971 serebant.
668 3905 731 3970 Sed
752 3905 792 3967 de
813 3907 873 3969 hoc
896 3907 983 3966 exitu
1003 3906 1067 3967 iam
1089 3902 1333 3987 supradictum.

315 4022 466 4083 Siruilitcr
492 4043 562 4083 cum
590 4024 621 4097 l,
648 4026 701 4095 to,
726 4020 768 4079 45
793 4038 862 4099 sqq.
889 4018 974 4098 pacis
1004 4031 1035 4079 et
1063 4019 1108 4093 ll,
1134 4023 1170 4091 5,
1195 4020 1235 4075 95
1261 4034 1331 4096 sqq.

312 4138 464 4197 ruralium
487 4137 635 4196 l'estorum
655 4130 802 4194 laudibus
822 4133 955 4194 insertur
976 4134 1118 4193 rixarum
1138 4129 1333 4208 scoticarum,
