3009 4725
323 306 385 362 326
554 305 839 374 COMMENTAR.
862 314 908 375 la·
930 315 1104 381 TlBULLl

323 474 392 528 redit
409 477 479 545 quod
498 479 575 537 nodo
594 484 690 539 dictura
709 477 765 541 'erat
783 489 841 541 aliis
861 489 954 545 verbis.
972 520 1007 530 -
1035 491 1099 546 lllox
1118 491 1268 561 frangit,
1296 497 1340 561 ait,

323 573 401 628 etiam
434 576 541 633 tortia
570 584 673 637 corda
704 586 818 653 dolor,
848 596 878 642 ut
904 589 971 644 inira
995 589 1043 656 lll,
1061 595 1087 657 4,
1109 596 1159 645 ta:
1190 593 1341 647 vincantur

322 674 397 725 molli
410 686 523 745 pectora
541 681 612 735 dura
628 704 721 754 prece,
745 689 790 740 ubi
809 692 881 743 notio
900 692 954 749 vel,
978 692 1075 749 eliam,
1099 691 1151 742 elsi
1167 692 1218 744 iam
1236 693 1263 744 in
1281 697 1340 762 ipse

322 775 450 832 adiectivo
476 780 559 850 inest,
593 795 714 842 monente
740 791 975 846 Wuanrrnrrcraro·
1011 792 1085 845 adue
1110 791 1157 853 lll,
1183 795 1209 854 a,
1233 796 1277 844 24.
1301 821 1339 831 —

322 877 418 947 loqui
438 883 548 951 pudor
566 896 634 954 est,
659 893 764 958 elegans
783 892 881 961 phrasis
900 909 937 962 pr.
953 890 1045 960 putlel.
1082 889 1157 941 Coui.
1178 889 1258 940 Oura.
1278 891 1338 942 Re·

322 976 393 1029 ured.
411 981 468 1035 Ana.
485 986 548 1036 359.
578 986 644 1041 Met.
662 989 733 1056 xlv,
755 995 797 1042 18.
825 992 893 1042 Fasl.
920 991 951 1053 V,
975 992 1036 1040 6³2.
1074 988 1142 1040 Vide
1166 989 1333 1042 Limnias.

323 1074 356 1126 ad
374 1076 495 1149 Propert.
514 1101 540 1152 p.
559 1088 603 1140 47.
622 1115 658 1125 -
685 1086 801 1140 taedia
819 1089 918 1139 ailae.
955 1086 1115 1139 observabis
1133 1084 1337 1154 euphemianum

323 1177 461 1247 orationis,
478 1191 556 1251 poeta
573 1188 672 1238 nonnisi
690 1187 817 1241 indirecte
834 1188 996 1254 significante
1015 1186 1077 1254 quid
1097 1187 1168 1239 relit.

395 1281 428 1337 V.
446 1282 523 1335 9·ad
542 1284 585 1336 fin.
622 1286 750 1339 Ultima
775 1286 935 1340 mandata
959 1286 1031 1350 dat,
1057 1300 1233 1354 exponens
1260 1299 1340 1352 quo-

322 1377 419 1431 modo
453 1384 612 1450 componi
644 1386 729 1437 velit
761 1386 802 1436 ab
831 1390 940 1437 amata
969 1386 1116 1451 eiusque
1147 1390 1269 1447 matre,
1305 1391 1340 1436 et

320 1490 416 1542 quem
439 1480 579 1535 titulum
605 1483 752 1537 inscribi
777 1484 952 1552 sepulcro.

393 1579 520 1648 ussa
555 1581 658 1652 Ergo.
695 1584 1003 1637 ieiunustransitus.-
1029 1590 1165 1636 tenuem
1192 1588 1339 1640 mutatus

321 1678 352 1732 ia
371 1682 536 1749 umbram,
554 1682 579 1737 lr.
594 1701 618 1738 e.
637 1685 789 1739 combustus
805 1685 888 1742 luero.
924 1685 992 1739 Nam
1010 1686 1072 1753 igne
1090 1684 1237 1738 dissolvitur
1254 1685 1340 1737 anima

321 1795 474 1851 aeorpore.
511 1784 653 1855 Comparat
681 1785 812 1840 Harnrus
838 1786 915 1839 oud.
943 1784 1014 1840 Fast.
1040 1786 1073 1852 V,
1097 1789 1159 1838 463.
1182 1785 1216 1838 de
1232 1785 1339 1838 Remo:

322 1879 416 1949 elapsa
434 1882 494 1954 rogi
510 1885 632 1953 flammis
655 1895 683 1936 et
700 1886 791 1938 inanis
809 1884 907 1957 irnego.
943 1885 1018 1940 adde
1036 1886 1178 1939 Panassa.
1196 1884 1243 1950 lv,
1261 1891 1287 1949 l,
1305 1888 1338 1937 2:

321 1978 466 2053 luridaque
492 1983 593 2036 euictos
619 1984 720 2057 effugit
748 1984 844 2038 umbra
870 2003 956 2057 rogos.
1000 1985 1119 2039 conserti
1146 1986 1224 2038 etiam
1250 1991 1340 2054 potest

321 2079 487 2136 Haaouraru
515 2084 589 2137 loeus
612 2085 660 2150 lV,
678 2090 706 2139 2.
731 2085 765 2139 de
790 2088 986 2140 consecratione
1011 2087 1211 2155 imperatorum.
1235 2086 1278 2137 ubi
1303 2102 1339 2138 ex

320 2178 426 2247 ignibus
444 2185 530 2251 surgit
555 2186 656 2252 anima,
682 2201 759 2254 quana
778 2187 864 2255 aquila
887 2185 940 2238 lert
963 2186 989 2237 in
1007 2186 1123 2252 caelum,
1148 2185 1219 2237 etin
1239 2184 1338 2236 Musae

322 2277 497 2337 Caetrourao
523 2286 600 2339 Turn.
617 2287 664 2342 lv.
690 2287 744 2341 tab.
767 2292 810 2340 12.
847 2287 987 2341 Faustinae
1013 2287 1124 2340 Minoris
1150 2281 1299 2355 apotheosis
1323 2299 1340 2335 e

321 2398 388 2451 rogo
407 2399 437 2438 se
455 2385 578 2438 tollentis.
599 2414 631 2425 -
656 2387 812 2442 Candida
830 2405 925 2454 ossa,
948 2389 1050 2457 nigra
1073 2387 1213 2453 favilla,
1231 2387 1341 2455 opposi-

321 2483 392 2537 tione
411 2482 584 2552 epitlretorum
602 2486 754 2555 manifesta,
780 2495 809 2541 ut
827 2504 887 2541 mox
907 2505 931 2541 v.
946 2492 990 2542 18.
1008 2493 1053 2540 20.
1072 2497 1100 2542 et
1118 2490 1193 2541 alias.
1228 2486 1341 2541 Videtur

322 2579 365 2636 itio
389 2592 469 2654 poeta
494 2588 603 2641 multum
622 2587 766 2642 delectatus
791 2605 849 2642 esse
867 2589 1031 2657 oppositione
1049 2589 1182 2652 colorum,
1210 2586 1340 2654 strupra

323 2688 349 2753 1,
367 2690 393 2741 9.
412 2687 478 2742 lutra
497 2693 524 2756 4,
543 2695 649 2760 tlosqq.
675 2718 711 2734 -
737 2698 843 2759 teget.
890 2692 944 2744 Cur
967 2692 1067 2743 diversa
1093 2695 1211 2758 tempora
1238 2689 1339 2740 tuero

321 2793 349 2842 et
372 2795 472 2857 teget
490 2789 532 2843 liic
556 2792 641 2845 iuncta
660 2792 728 2857 sint,
756 2807 799 2843 res
817 2792 874 2860 ipsa
892 2790 987 2859 docet,
1013 2808 1062 2844 neo
1081 2791 1133 2844 dici
1151 2792 1237 2860 potuit
1254 2790 1340 2843 aliter.

322 2892 519 2947 arenosam.
539 2891 560 2957 1,
580 2895 623 2957 15,
642 2894 685 2946 19.
713 2907 773 2945 oum
792 2898 819 2944 et
842 2892 952 2960 simplex
979 2890 1092 2944 futurum
1116 2897 1143 2943 et
1161 2897 1281 2942 eractura
1300 2890 1342 2942 bis

322 2993 384 3060 poni
403 2999 501 3062 possea,
519 2993 634 3045 iunctum
652 2999 791 3062 utrumque
807 2995 956 3048 variationis
974 3009 1061 3061 eausa,
1078 2994 1164 3062 qualia
1181 2994 1260 3045 etiam
1277 2993 1342 3043 alias

321 3090 403 3156 legas,
421 3091 490 3158 quod
508 3098 614 3161 propter
630 3091 799 3146 Husousruar
814 3094 954 3147 noandum
968 3094 1024 3147 luit.
1036 3122 1072 3133 -
1089 3095 1123 3149 V.
1133 3098 1164 3146 ll
1178 3110 1235 3161 sqq.
1255 3095 1341 3144 Ante

322 3203 429 3242 meum
453 3193 573 3244 veniat
596 3207 727 3258 rogum,
756 3200 785 3244 ut
803 3210 844 3262 ap.
865 3196 950 3260 auore
970 3195 1129 3248 Ruuronro.
1147 3209 1184 3247 an
1205 3193 1341 3245 Heraean.

323 3286 345 3353 1,
365 3291 413 3343 14:
430 3292 519 3343 venire
537 3300 600 3343 onte
618 3290 813 3362 imperatorem.
831 3320 867 3331 -
891 3293 933 3347 Et
951 3294 965 3346 t'
969 3295 1037 3347 leat
1055 3300 1135 3347 ante
1153 3308 1272 3357 meum,
1290 3307 1343 3344 uon

322 3398 363 3444 est
381 3392 448 3447 bona
471 3398 593 3465 repetitio
617 3398 755 3451 verborum
781 3406 846 3449 ente
866 3414 965 3457 meum,
992 3399 1039 3452 sed
1058 3399 1108 3451 alia
1125 3395 1238 3449 debebat
1255 3393 1344 3461 gravis

322 3508 375 3545 uox
392 3492 454 3545 addi
472 3497 552 3548 verbo
562 3499 644 3566 fleat.
658 3527 692 3536 -
712 3499 832 3551 matris
851 3497 987 3564 dolore,
1005 3514 1020 3551 a
1039 3502 1121 3551 matre
1140 3495 1260 3559 dolente,
1279 3509 1343 3545 sua-

322 3592 360 3646 via
379 3590 477 3657 forma,
503 3593 604 3659 deque
624 3596 720 3649 dietum
739 3597 772 3650 ad
791 3596 812 3663 l,
831 3601 858 3663 2,
878 3602 919 3650 ll.
963 3599 1029 3651 Cum
1048 3604 1129 3651 matre
1148 3596 1276 3649 Neaeram
1296 3610 1344 3646 re·

322 3698 378 3752 nire
396 3696 453 3750 vult
474 3710 525 3748 uon
545 3697 628 3749 solum
648 3708 756 3768 propter
772 3699 913 3766 decorum,
939 3700 985 3754 sed
1005 3700 1037 3754 ad
1057 3701 1182 3753 maiorem
1201 3699 1240 3751 sui
1260 3697 1344 3748 lrouo-

320 3814 384 3853 rena.
400 3827 437 3839 -
464 3812 628 3864 generum
654 3805 682 3851 et
706 3800 814 3852 virum
839 3799 903 3854 dieit
922 3800 1029 3865 iterum,
1054 3816 1113 3853 cuna
1139 3816 1234 3869 sponsa
1252 3797 1347 3849 fuisset

323 3899 441 3964 Neaera,
467 3906 497 3951 ut
523 3898 625 3952 iuturus
650 3906 720 3952 esset
745 3915 828 3966 gener
852 3906 880 3953 et
904 3901 951 3954 vir.
989 3899 1065 3954 Couf.
1084 3895 1203 3969 γαμβρός
1220 3900 1346 3951 Plarasa.

321 3996 364 4053 Ol.
384 3998 443 4065 Vll,
461 4004 487 4052 4.
511 4028 547 4039 —
583 4002 742 4054 Maereat
767 4017 912 4068 genero,
941 4001 1027 4053 siro.
1070 4002 1136 4054 Cum
1163 4001 1277 4053 ablativo
1306 3998 1348 4050 rei

321 4097 392 4164 iungi
417 4100 525 4155 verbum
543 4105 660 4166 constat,
688 4106 716 4153 at
734 4114 863 4168 personae
881 4098 1009 4152 ablativus
1027 4101 1146 4155 soloecus
1172 4107 1257 4162 esset,
1284 4112 1347 4150 uarn
