3009 4725
317 452 445 493 euunxu
726 433 785 494 DE
810 430 933 499 POESI

316 605 434 682 logicae
455 599 637 684 hypothesis
656 601 890 668 similitudinem
912 607 1053 670 haberet.
1095 605 1190 684 Quod
1212 629 1276 672 non
1300 611 1343 673 ita

317 716 487 794 intelliges,
521 715 611 796 quasi
638 734 703 776 non
732 713 795 779 diei
824 720 955 781 omnino
982 721 1027 784 sie
1055 722 1154 803 possit
1181 722 1215 783 in
1242 725 1342 804 poesi,

317 828 372 893 sed
396 830 528 891 aiterum
546 831 709 910 pulchrius
727 830 863 897 videtur.
906 833 967 898 Sed
988 839 1121 902 observa
1141 859 1227 899 nune
1248 839 1342 900 etiam

316 945 350 1005 in
373 943 484 1004 ceteris
503 944 663 1005 sententiis
684 958 797 1026 poetae
817 967 949 1011 morem.
991 949 1094 1011 Dicit:
1117 963 1217 1012 cantus
1230 951 1341 1012 Lunam

316 1082 332 1121 e
350 1079 437 1119 curru
451 1058 591 1119 deducere
608 1070 696 1120 tentat
713 1061 750 1120 Et
762 1058 893 1142 faceret,
913 1068 940 1123 si
953 1084 1008 1124 non
1023 1085 1096 1125 aera
1112 1066 1226 1146 repulse
1240 1076 1343 1140 senen,

316 1167 407 1232 diets:
433 1175 563 1231 enrmirm
582 1177 614 1233 ni
629 1176 698 1250 sint,
718 1173 767 1235 Ee
779 1175 894 1235 humero
910 1177 1022 1256 Pelopis
1041 1197 1096 1237 non
1116 1181 1238 1238 nituisset
1257 1177 1343 1253 ebur3

317 1304 391 1345 nam
413 1282 505 1346 etiam
526 1306 610 1346 nuuc
630 1286 674 1347 ita
695 1286 773 1348 haec
795 1286 938 1349 intuetur
958 1301 1080 1368 mente,
1110 1300 1145 1350 ut
1167 1309 1248 1371 quae
1269 1299 1341 1347 nnte

317 1398 426 1459 oeulos
448 1409 543 1476 stent,
566 1399 657 1481 quasi
677 1399 712 1460 in
730 1397 849 1463 medias
866 1422 917 1465 res
934 1413 1113 1483 praesentes
1128 1420 1187 1462 noe
1205 1399 1341 1477 dueene3

316 1509 351 1570 in
378 1509 522 1573 secundis
552 1525 656 1574 eutem
686 1514 835 1575 membris
860 1513 900 1576 ad
926 1516 1059 1578 formam
1088 1511 1212 1575 dicendi
1237 1515 1342 1596 hypo·

317 1624 463 1686 theticam
491 1623 586 1704 redit,
619 1648 722 1688 meras
753 1630 970 1691 conclusiones
1001 1649 1033 1692 se
1061 1628 1178 1691 ducere
1204 1642 1235 1690 et
1259 1649 1341 1712 quae

317 1738 397 1799 nihil
420 1737 483 1800 sint
511 1737 614 1818 aliud,
646 1740 842 1803 recordatus.
894 1743 1022 1804 Poterat
1044 1742 1085 1805 ad
1111 1742 1242 1806 eandem
1266 1764 1342 1806 nor·

318 1872 401 1912 niam
420 1852 455 1913 in
474 1853 544 1914 hie:
576 1854 708 1937 Quisquis
729 1861 944 1940 inornatumque
965 1869 1052 1941 copiae
1076 1864 1220 1943 crinesque
1240 1861 1343 1920 solutos

317 1966 498 2049 Adspiceret,
518 1968 627 2029 Phoebi
646 1982 794 2051 quaereret
814 1971 858 2031 ille
878 1993 1007 2049 comam,
1035 1973 1089 2033 ubi
1113 1971 1151 2033 de
1173 1974 1342 2053 praeterita

317 2101 353 2141 re
373 2100 492 2157 sermo,
516 2080 550 2141 in
568 2083 669 2146 altero
689 2085 832 2146 urembro
851 2091 1027 2167 quaesivisset
1047 2055 1164 2160 dicere,
1189 2082 1244 2145 aed
1265 2103 1340 2144 con·

317 2193 453 2256 tinuaeit
483 2194 622 2275 priorem
655 2194 809 2275 cogitandi
843 2196 996 2258 rationem
1032 2214 1166 2256 nervose
1199 2213 1248 2273 pr.
1276 2206 1340 2255 eret

318 2305 396 2391 quod
423 2319 578 2389 quaereret.
627 2309 673 2370 Ae
696 2307 820 2387 saepius
843 2318 874 2367 et
897 2306 977 2367 hane
1002 2305 1137 2366 sormam
1161 2304 1339 2371 invenimus

319 2420 376 2480 ubi
404 2430 451 2481 est
479 2417 597 2502 duplex
624 2418 858 2498 imperfectum,
893 2414 1158 2502 quemadmodum
1186 2418 1220 2479 in
1245 2416 1340 2479 com-

318 2533 471 2595 mentario
493 2532 531 2594 ad
555 2532 644 2593 illum
668 2531 773 2593 locum
795 2532 919 2611 notavi,
950 2545 981 2592 et
1005 2531 1091 2593 illam
1113 2531 1170 2592 ubi
1191 2531 1228 2591 in
1248 2552 1341 2612 prue-

320 2649 408 2710 torita
429 2669 463 2709 re
485 2645 539 2709 tali
559 2658 632 2727 poet
652 2646 996 2729 plusquamperfectum
1017 2643 1051 2705 in
1072 2645 1193 2725 protasi
1212 2644 1342 2726 ponitur

320 2761 536 2843 imperfectum
567 2780 700 2823 nervose
729 2761 763 2821 in
792 2756 940 2840 spatiosi,
973 2756 1073 2821 veluti
1099 2757 1211 2820 Horat.
1234 2755 1297 2819 Sat.
1316 2758 1341 2833 1,

322 2882 355 2951 6,
380 2880 440 2938 79:
469 2877 577 2937 Vestem
598 2892 744 2957 seruosque
767 2877 904 2957 sequentis
940 2875 975 2932 In
1000 2893 1104 2950 magun
1128 2883 1159 2934 ut
1180 2873 1283 2956 populo
1317 2874 1345 2930 si

321 2993 383 3071 quis
399 2989 521 3065 eiiisset,
544 2994 622 3049 auito
637 2988 683 3050 Ee
697 3009 729 3048 ne
740 2986 876 3070 praeberi
892 2998 1018 3068 sumptus
1031 2986 1100 3046 mriti
1116 2985 1249 3061 crederet,
1270 2985 1342 3044 lue.

321 3112 388 3163 orat
410 3100 495 3185 quod
519 3098 668 3164 erederet.
712 3097 796 3162 Vide
820 3101 879 3162 elin
901 3122 950 3180 ap.
969 3099 1072 3160 Bentl.
1092 3096 1132 3159 ad
1150 3098 1260 3159 Horat.
1277 3094 1342 3156 Sat.

321 3215 365 3291 li,
385 3221 420 3290 3,
439 3219 491 3277 93.
513 3227 542 3275 et
566 3214 707 3278 Gronov.
729 3211 770 3275 ad
794 3212 864 3277 Liv.
881 3213 1035 3291 XXXIV,
1053 3219 1105 3275 12.
1127 3224 1159 3273 et
1183 3210 1238 3293 qui
1259 3211 1341 3270 bens

321 3324 360 3386 de
383 3329 443 3389 hoc
466 3327 650 3409 imperfecto
672 3326 706 3387 in
728 3324 861 3408 apodoei
884 3325 1038 3408 disputat,
1070 3323 1141 3388 Gar.
1160 3320 1246 3387 Frid.
1268 3323 1342 3383 Etz·

321 3442 421 3499 lerum
439 3440 470 3501 in
488 3443 589 3517 libro,
608 3441 664 3523 qui
684 3440 883 3504 inscribitur:
905 3441 1230 3522 Sprneieriirterungen,
1252 3433 1343 3496 Bresi.

323 3556 421 3626 1826,
443 3572 513 3632 pag,
528 3554 583 3614 121
602 3573 672 3636 sqq.
716 3554 821 3637 Atque
839 3552 916 3615 haec
933 3550 972 3614 de
989 3553 1048 3612 his.
1090 3547 1185 3624 Quod
1203 3544 1341 3627 deniqne

318 3665 423 3725 locum
445 3664 564 3726 Tibulli
585 3665 625 3741 u,
643 3671 672 3743 3,
695 3675 724 3728 7.
749 3668 873 3742 attinet,
893 3667 950 3728 ubi
971 3675 1034 3726 est:
1055 3673 1181 3722 sectarer
1200 3671 1343 3742 aratrum,

320 3780 389 3839 dum
408 3779 667 3856 subimet-boves,
688 3777 757 3842 dtu
772 3777 812 3840 de
829 3799 866 3842 eo
884 3779 1035 3862 explicato
1054 3776 1086 3837 in
1099 3774 1345 3838 Commentario.

320 3892 378 3954 His
402 3889 557 3974 expeditis
581 3904 677 3954 restat
700 3906 734 3954 ut
758 3892 837 3956 elios
864 3867 1035 3955 nonnullos
1056 3892 1143 3953 locos
1165 3886 1346 3951 considere·

322 4029 392 4069 mus
414 4007 554 4072 nondum
577 4021 777 4070 memoratos.
826 4010 912 4071 Talis
931 4009 1069 4091 primum
1092 4018 1137 4067 eet
1158 4005 1215 4081 tv,
1237 4009 1287 4080 13,
1307 4008 1345 4064 52

323 4123 415 4204 Atque
437 4129 545 4184 aunam
569 4144 663 4201 nosses
685 4126 734 4182 uui
755 4125 825 4183 miiu
850 4122 922 4184 belin
946 4121 1051 4181 uideri:
1083 4118 1241 4197 Ds'spiicees
1267 4119 1344 4179 niiis:
