3009 4725
334 420 395 476 1⁸0
573 413 855 484 coruinum
875 417 922 483 IN
942 416 1117 483 TIBULLI

333 601 396 639 reru
427 599 512 655 pecua
543 587 569 639 iu
595 586 682 641 madio
709 593 810 642 tautum
839 589 954 642 carmine
982 589 1057 644 dixit.
1100 590 1187 658 Atque
1215 597 1251 648 ita
1280 606 1351 667 putet

333 688 420 740 emuia
443 685 570 741 exhauatu
594 704 669 753 ωας
693 690 857 742 satisfactum
883 695 924 741 eat
942 689 1049 743 affectui
1069 697 1095 743 ct
1112 693 1244 747 resolutus
1262 714 1351 753 amora

332 784 418 839 saliari
436 787 577 853 requiescit
594 789 693 841 animur
711 789 738 841 iu
756 790 917 857 cogitatione
934 790 1033 843 raiutir.
1070 790 1168 843 Credas
1188 789 1255 847 huuc
1273 798 1351 853 finem

332 900 392 937 care
409 885 513 951 ameria,
532 901 609 953 quam
628 885 767 941 Marathus
785 889 811 941 in
830 887 937 941 Tibullo
955 887 1119 957 accenderat,
1137 891 1182 959 qui
1204 892 1299 948 deiude
1316 898 1349 949 ad

332 985 434 1052 puellm
449 983 534 1040 rediit.

724 1185 946 1215 -ι-ὼ

707 1426 977 1496 EXPLIGATIO.

405 1678 439 1735 V.
457 1681 547 1733 l·lu.
584 1677 783 1736 Exordium.
819 1683 932 1737 Primo
949 1684 1074 1755 impetu
1092 1684 1256 1754 obiurgat
1273 1702 1352 1757 pue·

333 1794 402 1834 curu
426 1779 468 1833 de
492 1778 667 1848 periurio,
693 1782 750 1847 qui
775 1780 839 1834 aiii
860 1784 1005 1836 amatori
1026 1799 1062 1837 ae
1082 1783 1241 1851 dederat,
1263 1791 1297 1839 at
1314 1786 1351 1838 ii-

332 1885 388 1932 cet
420 1893 561 1948 pecuum
595 1878 742 1933 divinam
780 1881 929 1949 periurii
964 1882 1108 1951 primum
1143 1883 1351 1948 nuntiatum,

214 2016 222 2022 -
333 1993 406 2032 mcx
432 1978 645 2046 deprecetur
671 1978 847 2044 maiorem,
882 1980 936 2032 vei
960 1980 1011 2032 ric
1042 1985 1153 2033 tamen
1179 1981 1240 2033 iam
1265 1996 1352 2034 uuuc

333 2093 411 2131 crac
441 2080 527 2131 mala
553 2078 731 2146 ostendit,
762 2094 849 2147 quae
875 2094 947 2133 eum
972 2088 1143 2150 premant,
1176 2082 1286 2136 denuo
1312 2080 1352 2135 ad

332 2175 415 2230 iram
440 2190 609 2232 ravenue.

405 2277 549 2345 V.quq.
582 2278 612 2330 ri
639 2278 757 2330 iueraa
790 2277 950 2334 iacruruc
980 2292 1130 2343 amurca,
1160 2280 1183 2330 ri
1209 2294 1355 2347 propensus

334 2391 393 2430 em
415 2378 449 2430 ad
474 2376 616 2447 perfidiam.
657 2377 698 2429 Da
723 2377 854 2430 locutione
878 2376 912 2429 ci.
938 2376 971 2428 ad
995 2377 1018 2442 1,
1035 2382 1061 2443 3,
1079 2382 1125 2429 ei.
1143 2405 1180 2417 -
1207 2378 1354 2431 mirarer

334 2478 450 2547 graviter
475 2494 524 2547 per
548 2477 680 2547 prolepsin
705 2493 749 2548 pu·
769 2477 814 2545 qui
844 2492 913 2530 uuuc
946 2477 1032 2531 mireri
1058 2477 1120 2531 iacti
1148 2480 1263 2547 periurio
1295 2485 1354 2532 tuo.

334 2580 451 2635 Maxime
468 2582 537 2635 euim
555 2579 644 2634 dolere
663 2585 781 2649 pactam,
808 2586 891 2633 ictum
909 2593 1013 2632 carmen
1032 2578 1153 2633 ostendii„
1188 2580 1306 2633 vossws
1326 2585 1354 2633 et

336 2681 498 2735 Hurcunur
517 2690 621 2734 reneror
640 2679 702 2735 edit.
719 2680 873 2734 vicentinae
892 2681 1151 2750 receperuu13qu0d
1171 2684 1290 2750 exemplu
1307 2681 1357 2735 dc-

336 2782 468 2836 riderabat
484 2782 753 2845 Wuuuuuurcrrmr,
764 2778 829 2832 haec
846 2779 951 2846 quidem
969 2788 1057 2833 mouet
1076 2780 1198 2833 Bacurur
1217 2796 1268 2832 ucu
1286 2778 1358 2832 deai-

338 2881 440 2947 dermi,
465 2885 494 2932 ut
511 2881 598 2932 Orru.
616 2878 698 2931 Triat-
716 2879 764 2944 lv,
786 2884 828 2945 10,
846 2882 871 2933 i.
897 2885 925 2932 et
941 2881 1005 2933 aiiur
1024 2880 1118 2933 videas.
1141 2908 1175 2920 -
1202 2879 1358 2934 Foedera

336 2995 400 3050 per
417 2980 517 3033 divus
534 2978 656 3044 dabar,
680 2977 784 3031 iurabas
802 2994 850 3048 per
867 2977 939 3031 decu
966 2979 1050 3031 Ovru.
1069 2979 1136 3034 Met.
1155 2979 1190 3043 ΙΙ,
1208 2984 1276 3031 757ε
1295 2996 1359 3029 corr-

338 3087 385 3131 rra
405 3077 475 3129 dura
487 3075 620 3147 foedera,
644 3080 735 3128 contra
753 3074 840 3127 datam
858 3074 952 3140 fidam,
977 3082 1143 3145 comparante
1161 3074 1292 3141 Hunno,
1313 3074 1359 3141 qui

339 3182 418 3235 etiam
443 3180 591 3232 Duruurra.
617 3174 650 3228 ad
675 3176 723 3228 sii.
741 3175 775 3229 ie
801 3176 834 3241 V,
851 3178 913 3229 304.
938 3177 1033 3230 iaudat.
1071 3176 1177 3246 Optime
1195 3194 1257 3231 vere
1275 3177 1360 3247 perite

339 3279 445 3345 gravior
461 3276 556 3343 vox&
574 3276 701 3328 amatorio
719 3277 824 3330 affectu.
842 3305 879 3316 —
903 3278 988 3331 clam
1007 3278 1187 3344 rimanda,
1206 3293 1273 3345 quae
1291 3278 1360 3331 ciam

340 3379 484 3431 violaturus
498 3393 564 3432 arar.
602 3376 740 3429 Celarerat
758 3376 916 3442 aliquamdiu
933 3392 988 3430 rem
1007 3392 1080 3445 puer,
1097 3374 1260 3429 nihilomiuus
1277 3375 1360 3428 reaci-

254 3526 261 3532 .
341 3480 380 3532 rit
404 3479 533 3536 Tibullus.
551 3508 588 3521 -
624 3477 671 3532 Ah
699 3478 817 3545 mirer,
848 3476 873 3531 h.
898 3493 922 3532 c.
947 3477 1045 3532 infelix.
1088 3476 1181 3545 Neque
1206 3478 1274 3529 euim
1300 3491 1362 3530 cum

341 3574 491 3630 Huacunc
509 3577 654 3645 perditum,
682 3578 822 3631 rcciertum
839 3577 1012 3644 interpretum
1041 3575 1172 3644 pulchrius
1188 3575 1306 3629 aiterum.
1326 3599 1364 3618 -

340 3674 472 3738 Poena,
495 3674 550 3727 rire
568 3674 706 3728 Furiarum
731 3692 800 3743 uua,
826 3691 884 3729 cum
903 3676 1009 3729 Poenae
1027 3677 1106 3742 vulgo
1125 3676 1220 3728 Furiae
1243 3674 1310 3739 aiut,
1332 3680 1363 3727 ut

340 3776 427 3829 Suru.
446 3770 529 3826 Theb.
545 3774 579 3838 V,
594 3776 650 3839 69,
669 3774 724 3827 rive
742 3774 880 3843 peculiaris
897 3772 955 3837 dea,
973 3779 1003 3826 ut
1021 3775 1128 3826 vaureu.
1146 3773 1247 3825 Furcc·
1263 3771 1284 3835 Ι,
1298 3774 1364 3824 794.

341 3875 454 3928 Houru.
472 3873 520 3936 lli,
537 3877 565 3939 2,
583 3876 643 3938 32,
662 3871 731 3939 quud
751 3871 792 3925 iric
810 3870 969 3939 praeferam,
986 3886 1045 3924 cum
1063 3872 1158 3924 Furiae
1175 3869 1305 3922 caeciores
1323 3867 1367 3920 ri·

342 3973 453 4027 deantur
470 3988 547 4040 quum
565 3985 614 4039 pru
631 3967 681 4023 huc
705 3971 773 4022 ioco.
810 3968 933 4020 Ceterum
952 3969 1011 4021 vide
1029 3970 1062 4022 de
1081 3966 1172 4022 Puaua
1190 3969 1312 4021 Voarruar
1330 3964 1367 4017 ad

341 4069 367 4123 Ιι.
384 4073 402 4125 i.
437 4070 506 4123 Erre
531 4074 618 4121 autem
645 4082 782 4136 personam
810 4065 852 4118 iric
869 4067 1066 4133 intelligendam
1092 4067 1172 4120 docet
1190 4067 1298 4135 pluralis
1316 4071 1370 4116 tu-

342 4166 426 4222 citir
443 4167 606 4237 pedibus,
626 4182 677 4221 urm
697 4166 821 4237 probarer
838 4167 993 4236 singularis:
1015 4169 1096 4221 tacite
1115 4166 1201 4237 pede,
1219 4165 1290 4234 quud
1307 4180 1371 4217 mo·
