3009 4725
329 427 352 492 2
638 420 822 494 TlBULLl
860 419 944 493 ΠΒ.
967 419 993 490 l.
1014 434 1038 491 1.

373 609 415 681 Et
433 609 664 709 quodcunque
684 608 768 681 mihi
795 635 935 710 pomum
957 632 1065 677 novus
1088 604 1208 675 educat
1227 632 1349 692 annus,

418 738 576 810 Libatum
604 737 773 837 agricolae
798 738 938 836 ponitur
964 752 1041 805 ante
1067 733 1178 803 deum.

330 865 475 942 15Fiava
502 867 623 955 Ceres,
658 867 717 936 tibi
743 864 787 933 sit
812 877 928 940 nostro
955 858 999 929 de
1024 885 1103 928 rnre
1130 886 1256 930 corona

418 998 559 1099 Spicea,
593 1015 680 1088 quae
706 984 822 1084 tempii
848 986 997 1084 pendeat
1021 1003 1099 1059 ante
1125 986 1235 1060 sores:

371 1123 593 1217 Pomosisque
620 1114 725 1187 ruber
752 1132 866 1188 custos
892 1133 1042 1215 ponatur
1067 1115 1104 1189 in
1130 1115 1259 1206 hortis,

419 1255 558 1323 Terreat
582 1263 620 1318 ut
644 1270 744 1318 saeva
769 1242 855 1317 falce
881 1235 1029 1346 Priapus
1054 1273 1140 1319 aves.

369 1384 437 1452 Vos
460 1402 616 1476 quoque,
638 1372 747 1447 felicis
771 1374 947 1474 quondum
970 1403 1062 1448 nnnc
1085 1375 1245 1475 pauperis
1269 1377 1342 1473 agri

325 1528 363 1580 20
421 1505 605 1592 Custodes,
639 1503 734 1577 fertis
761 1532 903 1577 munera
928 1522 1056 1592 vestra,
1088 1506 1202 1577 Lares.

365 1636 465 1707 Tunc
488 1633 592 1707 vitula
617 1633 815 1706 innumeros
841 1631 1008 1707 lustrabat
1032 1659 1132 1708 caesn
1156 1632 1335 1707 iuvencos:

415 1767 515 1838 Nunc
540 1792 630 1862 agna
653 1761 766 1862 exigui
793 1780 843 1838 est
867 1762 979 1838 hostia
1004 1791 1111 1865 parva
1136 1761 1209 1838 soli.

363 1894 465 1993 Agna
491 1892 589 1968 cadet
609 1893 726 1983 vobis,
763 1921 865 1995 quam
892 1893 1021 1968 circum
1046 1893 1173 1968 rustica
1197 1892 1306 1993 pubes

416 2023 546 2097 Clamet
569 2023 619 2096 ‘io
642 2051 769 2097 messes
792 2041 825 2098 et
850 2023 942 2097 bona
963 2024 1042 2097 vina
1067 2021 1163 2095 date.’

323 2155 440 2228 251am
465 2153 569 2227 modo
595 2182 666 2227 non
692 2181 833 2254 possum
856 2168 1034 2225 contentus
1060 2150 1168 2222 vivere
1194 2175 1299 2250 parvo

414 2284 484 2356 Nec
508 2311 643 2385 semper
667 2281 790 2379 longae
813 2279 948 2351 deditus
975 2304 1047 2350 csse
1068 2275 1159 2366 viae,

365 2411 435 2485 Sed
462 2413 564 2486 Canis
591 2410 733 2484 aestivos
759 2426 853 2481 ortus
878 2406 983 2481 vitare
1006 2407 1071 2482 sub
1093 2406 1217 2481 umbra

417 2542 562 2617 Arboris
588 2540 633 2614 ad
659 2543 751 2613 rivos
777 2537 1024 2640 praetereuntis
1046 2564 1163 2640 aquae.

363 2675 433 2750 Nec
460 2692 572 2748 tamen
600 2670 774 2746 interdum
799 2668 928 2772 pudeat
951 2667 1099 2743 tenuisse
1120 2666 1295 2742 bidentem

321 2824 359 2878 30
415 2804 486 2877 Aut
510 2803 647 2879 stimulo
673 2800 791 2875 tardos
817 2799 1027 2900 increpuisse
1050 2797 1176 2886 boves,

393 3108 426 3159 V.
440 3107 483 3158 14.
508 3103 689 3171 agricolao
706 3129 742 3141 -
760 3100 861 3155 deum
886 3101 952 3155 iibri.
989 3101 1100 3156 Videtur
1124 3101 1172 3153 deo
1194 3099 1340 3167 tegendum.

394 3225 428 3278 V.
440 3227 484 3276 22.
511 3238 615 3293 parre
639 3221 697 3274 libri
722 3222 829 3289 optimi,
860 3222 929 3289 quod
955 3223 1059 3276 bonum.
1079 3250 1114 3262 -
1161 3222 1192 3274 V.
1202 3224 1247 3272 25·
1272 3220 1341 3272 lum

322 3321 420 3374 modo
443 3337 507 3375 non
535 3335 678 3390 porrum.
720 3320 898 3373 cruentarunt
931 3320 1001 3386 iam,
1031 3320 1106 3371 modo
1128 3337 1196 3383 non,
1224 3334 1341 3387 possum,

324 3420 394 3487 qnod
427 3422 520 3489 probat
544 3423 724 3476 Gouunnrus.
772 3418 906 3488 Excerptu
934 3420 1150 3474 anrncsnsm:
1181 3418 1236 3469 iam
1266 3414 1340 3466 modo

321 3515 385 3571 iam.
437 3517 600 3571 Coniecturir
629 3520 741 3571 virorum
767 3516 901 3570 doctorum
927 3519 954 3572 iu
978 3518 1169 3572 Commentario
1193 3514 1341 3567 memoratis

320 3614 388 3670 ndde
412 3614 524 3668 Munnu
548 3615 769 3669 emendationem
796 3618 857 3666 Iam
881 3635 929 3668 nec
951 3635 1019 3671 uon,
1044 3616 1192 3667 Observntt.
1210 3612 1243 3665 ud
1263 3613 1343 3666 Statii

321 3712 414 3768 nchttt.
432 3718 493 3783 pti.
518 3715 686 3783 propositum.
722 3713 783 3782 Ipse
807 3716 931 3769 confictor
956 3717 1016 3766 Iam
1034 3712 1134 3765 modico
1152 3730 1261 3781 possum
1278 3730 1342 3763 con-

321 3821 414 3865 tentos
433 3812 522 3865 vivere
544 3810 574 3862 in
592 3827 673 3878 arvo,
700 3827 760 3865 cum
785 3828 851 3881 opus
868 3816 903 3867 sit
919 3814 1040 3867 notione:
1068 3812 1138 3866 domi
1156 3819 1184 3865 et
1204 3812 1229 3864 in
1251 3813 1343 3880 patrie,

321 3918 481 3965 monstrante
504 3910 668 3979 oppositione
694 3912 788 3977 longae
810 3912 876 3965 vire.
894 3942 930 3954 -
973 3913 1005 3967 V.
1017 3916 1063 3966 29.
1086 3910 1264 3965 bidentem
1285 3909 1342 3961 Re·

319 4011 434 4077 giensie,
460 4013 569 4074 melium
595 4008 665 4062 unde
689 4010 769 4077 tuigo
792 4010 898 4078 placuit.
941 4012 993 4064 Ubi
1016 4012 1084 4063 enim
1108 4010 1236 4062 interdum
1262 4015 1342 4075 tonet,

320 4123 398 4161 unum
412 4107 543 4160 bidentem
557 4110 628 4159 tenet
641 4110 728 4174 poeta,
743 4122 795 4160 nou
805 4108 892 4176 plures
903 4109 986 4162 simut.
1006 4108 1200 4160 Lscnutrmus
1214 4104 1340 4159 bidentes.
