3009 4725
295 493 388 536 oxrur
712 463 768 524 DE
791 457 909 526 POE81

299 664 372 724 paro
398 660 506 705 reomu
534 660 552 699 a
579 633 736 717 principio
768 631 807 694 od
831 640 927 697 11:26.
949 655 1011 696 uno
1035 636 1241 717 perpetuitate
1265 639 1320 701 de.

300 756 413 834 currit,
443 773 513 815 cum
542 751 634 812 etiam
662 747 713 809 hic
742 759 921 828 separatum
948 747 1114 812 exordium
1142 771 1206 814 non
1228 751 1320 818 adsis.

302 874 397 936 altera
430 891 447 930 a
481 889 511 929 v.
529 873 582 930 27.
614 864 781 928 manifesto
816 863 1033 945 repetitionem
1070 863 1318 928 antecedentium

300 987 437 1051 eontinet
465 1003 530 1044 una
560 1002 631 1045 cum
663 980 762 1043 exitu.
814 979 871 1044 Eat
901 992 1005 1044 tamen
1037 1002 1122 1044 nunc
1151 977 1320 1044 admodum

300 1102 404 1166 ieiuna
428 1095 573 1179 repetitio
597 1107 629 1158 et
651 1094 781 1159 omnino
805 1106 871 1160 tota
892 1095 1032 1159 mactatio
1054 1096 1088 1159 in
1114 1100 1211 1160 alters
1232 1110 1320 1180 parte

300 1214 392 1279 valde
407 1212 590 1293 imperfecta
601 1220 634 1271 et
646 1207 768 1288 vitiosa,
786 1206 825 1272 de
835 1230 900 1293 quo
910 1209 982 1276 vido
993 1211 1322 1276 (launomarum.-

301 1335 418 1393 Sauum
440 1326 576 1410 denique
599 1345 740 1402 carmen,
770 1326 835 1388 iam
861 1346 957 1409 supra
980 1324 1188 1410 descriptum,
1215 1329 1321 1388 matam

303 1448 411 1505 cumino
431 1443 586 1503 dividorum
606 1444 741 1502 maiorem
761 1439 867 1503 habet.
909 1440 1060 1504 Introilus
1081 1461 1102 1502 a
1116 1441 1321 1524 sequentibus

303 1556 443 1636 separari
459 1555 584 1636 nequit,
606 1566 637 1614 et
654 1552 698 1616 sic
715 1549 868 1614 adfinem
885 1553 1034 1616 continno
1050 1572 1144 1616 cursu
1164 1555 1205 1616 eb
1222 1554 1320 1637 altero

305 1669 343 1734 od
357 1673 489 1733 sitorum
505 1670 642 1734 venitur.
684 1669 793 1733 Partes
808 1669 993 1751 principales
1008 1666 1169 1734 dictinctm
1184 1689 1251 1730 non
1268 1665 1323 1731 ad-

304 1797 386 1863 sunt,
400 1805 458 1848 nec
473 1796 604 1865 possunt
616 1782 667 1846 hic
679 1802 758 1846 esse.
789 1781 894 1846 Etiam
905 1783 966 1846 hoc
978 1803 1077 1864 genus
1091 1782 1325 1866 compeditionis

305 1918 371 1961 non
393 1897 482 1962 norit
500 1897 659 1977 Tibullus,
680 1896 737 1959 etsi
758 1893 844 1978 apud
865 1897 943 1960 alios
964 1900 1133 1982 reperitur.
1172 1895 1325 1980 Lygdami

304 2011 774 2076 atrtsmvidesnollumcarmen
785 2009 1324 2097 umquodvererefuumbunia·

307 2148 364 2189 uae
379 2128 494 2206 elegiae
507 2128 672 2190 rationem.
703 2125 821 2191 Pedem
833 2126 920 2190 sisto.
951 2128 1165 2189 Percurrimus
1179 2115 1328 2185 ordinenl

304 2243 480 2302 formarum
503 2242 618 2323 elegiae
641 2244 715 2307 satis
737 2243 924 2319 notonilem,
946 2242 1142 2304 delectabor
1161 2238 1188 2299 si
1208 2237 1322 2300 sentim

206 2342 210 2348 ⁴
304 2355 412 2434 paullo
431 2356 567 2440 penitius
586 2379 669 2422 nunc
685 2357 746 2420 hoc
767 2374 865 2436 mnne
885 2372 1016 2436 poeseos
1036 2352 1095 2415 tibi
1115 2361 1323 2436 perspectum.

520 2742 566 2795 lll.
613 2744 661 2797 uls
688 2743 927 2801 ELOCUTIONE
954 2747 1109 2802 TlliUle.

368 2926 457 3004 Quae
486 2940 598 2993 nature
624 2940 657 2991 et
678 2926 801 2993 indoles
828 2931 945 3012 elegiae
969 2932 1003 2993 in
1026 2933 1187 3012 maximis,
1216 2933 1323 2997 eedem

305 3042 462 3123 1cperitnr
486 3043 519 3103 in
543 3041 718 3105 minoribus
740 3053 771 3104 et
796 3042 949 3123 minimis,
977 3057 1014 3109 ut
1037 3059 1084 3110 est
1104 3064 1199 3111 omne
1219 3048 1324 3110 classi·

306 3176 378 3216 eum
399 3175 480 3235 opus
501 3156 562 3219 sibi
583 3169 684 3219 totum
704 3157 816 3221 simile.
863 3157 1080 3224 Recordemur
1100 3175 1205 3226 autem
1225 3180 1323 3243 expo-

305 3267 449 3329 sirionem
463 3270 606 3333 letiorem
623 3294 772 3336 sensuum
787 3287 819 3337 ct
835 3275 1004 3341 effectuum
1019 3280 1133 3359 elegiae
1147 3277 1323 3361 propriam:

259 3405 268 3418 ·
304 3384 382 3442 hacc
412 3382 677 3464 quemadmodum
705 3389 739 3451 in
769 3390 925 3454 maiorum
953 3395 1089 3474 portium
1119 3407 1151 3457 et
1181 3396 1323 3457 locorum

306 3498 488 3560 lraclationc
513 3517 637 3580 regnat,
665 3507 708 3568 ita
731 3508 766 3568 in
790 3508 918 3587 singulis
939 3506 1087 3574 distichis.
1135 3504 1198 3575 ded
1223 3508 1324 3571 omnis
1388 3505 1391 3510 ’

252 3614 259 3625 “
305 3622 399 3691 poeta
425 3612 598 3692 peculiares
624 3619 754 3682 virtutes
781 3621 885 3683 habel.
935 3622 1053 3685 Tibulli
1075 3623 1179 3704 poesis
1204 3621 1324 3703 simpli·

304 3725 394 3785 citato
412 3724 634 3788 sententiarum
650 3743 682 3791 et
698 3732 849 3794 orationis
869 3737 1006 3812 excellit,
1027 3736 1151 3799 excellit
1165 3754 1243 3800 vero
1258 3754 1324 3797 non

304 3838 408 3901 nunus
428 3839 536 3920 vigore
558 3842 681 3923 egregio
688 3889 698 3922 ,
727 3846 784 3928 qui
806 3849 992 3929 conspicuus
1015 3849 1048 3911 in
1072 3863 1119 3915 tot
1143 3848 1326 3930 descriptio·

303 3970 380 4014 num
407 3966 439 4014 et
464 3956 689 4020 sententiarum
717 3946 878 4039 prdeclara
906 3963 954 4037 vi,
988 3975 1017 4024 et
1043 3964 1110 4045 ipse
1136 3961 1325 4044 principium

303 4084 395 4126 suum
416 4066 511 4131 hebet
535 4070 568 4132 in
593 4072 789 4152 singulorum
809 4072 1013 4141 distichorum
1043 4096 1177 4140 nervosa
1199 4075 1325 4137 conlur-

301 4180 450 4243 oratione.
514 4183 602 4260 Quae
636 4211 706 4252 oum
740 4193 782 4253 ila
816 4193 898 4269 sint,
940 4194 1066 4274 penitus
1099 4194 1325 4275 perscrutatori
