3009 4725
488 270 600 334 LlBR.
621 270 676 333 lli.
719 270 842 336 ELEG.
864 273 921 336 lV.
1154 277 1214 338 etr

192 459 270 519 runt,
295 449 377 505 veluti
395 452 504 502 monete
522 446 751 500 Wonaaanroaro
764 463 898 516 pavores,
923 454 1010 499 iocerne
1027 445 1148 502 dicuntur
1167 463 1216 517 pro

188 554 267 608 roban
293 564 433 621 pavooem,
467 552 567 601 meum
594 545 780 610 facientibus„
807 546 948 616 comparat
976 546 1109 602 Hamae
1135 548 1215 610 derne

191 651 313 722 νύκτερον
328 652 356 704 in
372 651 460 704 Serri.
473 648 573 702 Electr·
589 650 653 703 410.
669 652 697 700 ei
714 647 828 708 δείματα
839 651 933 712 νυχίων
946 641 1049 717 ἐγείρων
1063 662 1107 716 ap.
1124 648 1216 702 Aron·

188 770 253 808 noro·
270 754 364 805 Rnon.
383 751 431 817 lv,
449 753 513 802 aab.
558 747 666 802 Videbis
692 746 758 801 lianc
783 761 875 802 vocem
901 748 980 801 ctiam
1005 747 1032 800 in
1055 747 1120 801 locia
1144 744 1215 815 apud

189 856 355 909 Menona!
380 853 408 904 in
426 846 607 917 Aglaophamo
632 865 658 916 p.
676 852 740 903 ³02.
764 873 801 892 -
831 850 1069 919 pertimuisse.
1111 849 1213 903 Dicitur

187 969 240 1007 uox
257 952 378 1005 absolute
395 950 473 1003 etiam
490 948 590 1000 Tacrr.
607 947 699 1001 Annei.
715 947 738 1012 1,
754 951 805 1001 292
826 947 874 1000 ubi
889 949 1088 1019 pertimuerint,
1104 948 1213 1018 impune

189 1049 329 1104 contemni.
346 1077 383 1089 -
410 1064 473 1102 nce
490 1047 583 1115 turpi
602 1045 757 1099 obnoxia
774 1045 889 1114 lacto,
914 1046 939 1102 b.
957 1066 981 1102 e.
998 1048 1021 1103 ai
1038 1065 1090 1103 non
1108 1049 1212 1116 obliga-

189 1153 227 1206 rit
253 1166 283 1204 ee
308 1149 392 1218 turpia
418 1148 496 1214 laod,
523 1163 576 1201 non
602 1148 698 1200 meruit
725 1147 782 1200 eiua
810 1162 929 1215 poenam.
981 1148 1105 1201 Ceteram
1132 1157 1213 1218 turpe

184 1252 307 1323 socrum,
329 1255 360 1304 nt
376 1249 542 1314 adulterium,
559 1262 640 1317 porro
658 1247 753 1312 lurum,
773 1249 902 1301 latronam
921 1254 1020 1317 captur,
1037 1249 1142 1317 aliaque
1158 1251 1212 1304 cri-

191 1352 259 1403 mina
281 1353 357 1412 aunt,
383 1363 452 1413 quac
475 1351 645 1400 recensentur
661 1346 710 1412 111,
727 1351 755 1409 5,
774 1351 790 1398 l
808 1361 866 1413 equ.
903 1346 1022 1413 Denique
1049 1346 1082 1399 de
1107 1347 1213 1415 impia

192 1447 315 1513 lingua
333 1445 367 1498 es.
386 1446 453 1512 1‚³‚
472 1448 518 1499 52.
537 1469 573 1483 -
601 1441 748 1511 Explicatis
771 1443 881 1509 elagnlia
903 1444 955 1496 alia
979 1444 1102 1496 nonnulla
1118 1444 1152 1497 dc
1170 1459 1215 1498 ra-

193 1547 265 1599 tione
281 1544 383 1598 exordii
400 1544 477 1598 addo.
513 1543 631 1598 Primum
650 1543 723 1596 videa
741 1549 847 1612 poetam
870 1544 898 1595 in
921 1544 974 1595 tine
990 1544 1049 1596 aliia
1065 1544 1152 1597 verbio
1169 1560 1215 1598 re-

192 1645 250 1700 dire
267 1645 301 1698 ad
320 1646 438 1710 initium3
462 1651 586 1714 precatur
603 1646 672 1699 enim
690 1643 777 1697 denuo
796 1658 831 1696 uc
848 1642 981 1709 eveniant,
999 1657 1066 1709 quac
1085 1643 1214 1697 connium

193 1744 326 1799 nuntiavit.
363 1744 516 1798 Revolritur
533 1744 614 1811 igitur
640 1743 778 1798 exordium
802 1743 828 1795 in
849 1742 946 1796 orbem.
982 1742 1084 1796 Similia
1101 1743 1214 1798 manime

192 1843 261 1912 apud
280 1845 397 1898 Graecos
414 1844 530 1910 reperias
548 1845 645 1909 multa,
662 1853 742 1909 atquc
760 1858 777 1895 e
795 1842 920 1910 prosaicis
937 1841 1028 1895 conlcr
1045 1843 1212 1897 Prooemium

193 1944 218 1996 in
246 1944 446 1996 Dauoernarua
475 1942 592 1996 oratione
620 1957 669 2010 pro
697 1941 817 2006 Corona,
849 1942 952 2010 poetica
979 1944 1099 2011 exempla
1125 1948 1213 1998 autem

192 2043 337 2096 Pranrane
355 2043 449 2105 offert,
473 2041 532 2095 vide
556 2056 604 2093 uos
621 2040 654 2093 ad
671 2037 751 2107 Pyrr.
769 2039 816 2094 XI.
837 2055 899 2107 pag,
914 2044 975 2094 ³41.
993 2040 1027 2093 ad
1045 2040 1122 2095 Nam.
1139 2041 1214 2108 vill,

192 2160 216 2210 p.
236 2146 299 2196 418.
326 2142 359 2196 ad
388 2143 546 2210 Fragmenta
572 2160 598 2210 p.
616 2145 679 2194 60⁹.
722 2140 791 2195 Illud
818 2157 882 2195 uero
907 2144 975 2195 male
1001 2143 1115 2211 lactum,
1139 2142 1214 2211 quod

190 2242 275 2309 figura
292 2249 408 2298 mutatae
425 2243 571 2298 sententiae
589 2242 628 2295 uti
645 2242 739 2294 nesciit
758 2248 788 2296 ut
805 2240 926 2296 debebat
961 2242 1030 2297 Nam
1049 2250 1109 2314 poet
1129 2244 1213 2313 prima

193 2346 268 2408 vota,
294 2355 329 2395 ne
348 2356 410 2395 uera
431 2347 520 2394 ament
543 2339 684 2406 insomnia,
714 2345 818 2410 poterat
841 2348 976 2397 ereaceute
999 2343 1097 2397 ellectu
1113 2358 1217 2411 negare

194 2438 262 2493 adeo
279 2455 381 2494 omnem
401 2440 537 2492 veritatem
554 2441 728 2506 somniorum,
752 2439 865 2495 debebat
883 2459 946 2496 vero
964 2460 1026 2498 mox
1043 2446 1105 2501 inde
1122 2463 1152 2500 oc
1171 2462 1213 2500 re·

195 2556 289 2595 uocare
314 2540 341 2594 iu
369 2539 446 2593 viam.
492 2538 570 2592 Nunc
597 2547 684 2596 autern
711 2547 796 2595 totum
823 2542 960 2594 exordium
985 2547 1148 2610 tranquilline
1174 2553 1216 2600 eet

197 2662 274 2716 amm
292 2643 421 2710 vividius,
439 2649 466 2698 et
483 2643 601 2699 ridemur
617 2644 779 2699 incredulum
798 2642 940 2708 bominem,
956 2642 1006 2694 eibi
1024 2645 1169 2711 placentem
1187 2648 1216 2703 ia

194 2744 227 2796 iia
246 2743 454 2814 commanendis,
482 2761 550 2814 quae
573 2747 667 2816 religio
691 2747 805 2815 uulgaria
829 2744 961 2799 eradebat.
998 2741 1059 2797 Non
1082 2747 1124 2797 oet
1148 2742 1216 2799 baec

195 2842 292 2897 'l'ibnlli
310 2843 386 2898 ratio.

266 2943 299 2998 V.
327 2945 435 2999 tvae
479 2940 607 2998 Narrat
633 2944 797 2999 nomnium
827 2943 952 3014 iprum,
988 2943 1215 3009 inquorum

195 3020 320 3112 Apollo
343 3044 560 3122 apparuerit,
588 3045 729 3112 primum
753 3043 895 3096 formam
920 3048 955 3095 ct
979 3039 1132 3095 habitum
1158 3041 1213 3094 dei

194 3141 262 3194 rlei
279 3141 452 3196 describit
471 3141 501 3211 (a
519 3159 544 3199 v.
562 3146 680 3214 17-42),
698 3143 823 3199 deinde
840 3143 945 3197 verba
963 3144 1037 3197 clue
1055 3143 1177 3197 refert

266 3241 299 3295 V.
318 3244 352 3295 ll
371 3257 411 3309 aq.
435 3241 629 3310 quadrigis.
663 3243 752 3310 Vulgo
772 3243 846 3309 bigae
863 3241 945 3294 Nocti
969 3240 1024 3294 dari
1047 3241 1158 3295 ildimue
1182 3240 1215 3294 ad

192 3338 227 3406 11,
248 3344 274 3405 l,
292 3343 337 3394 81.
373 3341 503 3395 Obserrat
522 3347 607 3393 tamen
625 3340 759 3394 Harnroe
777 3340 895 3393 rimiliter
914 3341 1030 3393 Aurorae
1046 3356 1063 3392 a
1079 3340 1215 3394 Vracrnro

192 3438 268 3506 bigae
284 3441 348 3493 Aen.
368 3440 428 3507 vll,
447 3443 493 3493 26.
510 3443 539 3491 ct
555 3436 695 3505 quadrigae
714 3438 761 3503 Vl,
779 3442 841 3491 ⁶³5.
860 3436 944 3491 datae.
962 3466 998 3478 -
1021 3435 1215 3492 aetherium

193 3533 370 3607 blandum,
387 3537 414 3593 l.
431 3554 455 3593 c.
474 3538 584 3592 caelum.
620 3535 748 3588 Similiter
766 3537 968 3594 Anon.,Gunro.
983 3542 1046 3592 lol.
1064 3545 1093 3592 ct
1110 3540 1214 3591 Sanno.

193 3627 300 3698 Hippot.
319 3640 382 3689 ³³2.
400 3635 523 3690 laudante
542 3636 759 3701 Recurrendum,
778 3643 806 3691 ct
822 3636 938 3691 mundae
957 3638 1025 3690 caeli
1042 3638 1153 3690 Eurorue
1173 3651 1214 3703 ap.

193 3724 313 3779 Macrob-
333 3732 391 3786 Sat.
408 3734 456 3801 vl,
478 3739 505 3791 2.
532 3741 563 3789 nt
589 3734 834 3788 Wuannanrcruua
858 3735 947 3790 refert.
982 3734 1069 3789 Porro
1086 3730 1215 3784 mundam

194 3825 273 3877 etiarn
290 3828 410 3884 absolute
427 3842 456 3888 et
468 3840 540 3891 uallo
558 3838 610 3892 alio
628 3837 708 3891 verbo
721 3838 825 3894 adiecto
843 3834 940 3905 poenicu
958 3849 1006 3902 pro
1024 3833 1097 3887 caclo
1116 3831 1213 3886 dictmn

194 3925 285 3974 noant
302 3926 428 3982 Vnnrrua
447 3931 472 3985 b.
491 3936 508 3988 l.
527 3944 555 3991 et
573 3936 710 3992 urrann
729 3940 764 3996 ad
784 3936 860 3995 olid.
881 3934 945 3988 Met.
964 3931 998 3997 11,
1017 3934 1079 3986 157.
1104 3939 1131 3986 et
1150 3947 1215 3999 quoa

195 4026 330 4089 praetcrea
356 4027 490 4085 Henaton
515 4039 617 4107 laudat,
642 4048 670 4098 et
694 4045 728 4100 ad
755 4045 878 4119 propert.
896 4034 945 4100 ill,
961 4037 988 4098 5,
1004 4035 1050 4086 td.
1078 4032 1217 4088 Karnana.
