3009 4725
318 402 376 442 otu
728 380 785 444 DE
810 381 932 449 POESI

398 548 455 609 lua
477 546 546 610 viro
571 566 676 610 coram
701 559 800 612 nutus
820 550 964 611 conferre
985 551 1151 635 loquaces,

445 658 630 743 Blandaque
652 662 834 742 compositis
856 662 972 727 abdere
993 669 1092 732 verbs
1116 667 1210 733 notis.

399 827 469 889 Soio
491 837 597 890 tenere
620 831 717 893 malas
738 829 870 896 Medeae
895 829 1010 896 dicitur
1031 835 1162 912 herbas,

441 942 511 1002 Sola
534 941 615 1005 feras
636 937 770 1008 Hecates
795 943 1010 1026 perdomuisse
1031 968 1135 1009 canes.

794 1064 865 1076 *ἢ

406 1113 448 1182 Tu
468 1115 546 1178 mihi
568 1136 715 1178 curatum
737 1116 881 1197 requies,
909 1127 941 1179 tn
964 1127 1056 1179 nocte
1079 1117 1129 1178 vel
1151 1128 1220 1180 stra

445 1225 587 1303 Lumen,
617 1240 648 1290 et
668 1229 702 1290 in
724 1229 797 1292 solis
817 1240 849 1291 tn
870 1229 948 1292 mihi
972 1230 1067 1292 turba
1087 1229 1175 1296 locis.

317 1358 416 1421 Notat
443 1360 704 1424 Wunderlichius
737 1361 778 1424 ad
808 1364 840 1439 l,
869 1370 907 1443 2,
935 1365 989 1426 ts.
1020 1376 1052 1426 et
1085 1365 1160 1426 elias
1194 1365 1340 1428 ultimum

319 1475 495 1536 membrum
516 1476 629 1556 passim
652 1496 710 1557 per
731 1477 902 1558 simplicem
928 1481 1073 1559 copulem
1097 1478 1233 1539 annecti·
1276 1477 1339 1541 Sed

319 1605 384 1646 uon
413 1599 554 1650 accurate
584 1586 681 1664 dixit,
717 1610 788 1660 cum
816 1593 922 1654 variae
949 1591 1072 1672 possint
1098 1610 1166 1653 esse
1195 1592 1341 1680 locorum

317 1699 466 1762 rationes.
506 1701 637 1762 Primum
654 1702 731 1764 haec
749 1714 851 1783 potest
872 1721 939 1772 esse
958 1724 1068 1781 sauss,
1089 1716 1126 1765 ut
1145 1702 1342 1768 commodius

320 1826 351 1875 et
370 1810 538 1877 rotundius
564 1813 728 1877 claudetur
749 1813 923 1895 distichon,
949 1839 982 1883 o.
1000 1840 1026 1882 c.
1048 1818 1081 1894 I,
1104 1824 1139 1895 8,
1161 1818 1220 1880 14:

405 1949 537 2014 Frustra
557 1952 620 2013 iam
642 1964 759 2030 vestes,
786 1952 904 2014 frustra
926 1965 1090 2015 mutantur
1111 1953 1256 2026 amictus,

445 2065 593 2148 Ansaque
613 2081 810 2147 compressos
838 2065 954 2145 colligit
975 2079 1042 2128 arta
1064 2062 1169 2144 pedes.

319 2193 379 2256 Hic
406 2215 465 2277 per
490 2195 623 2275 logicam
651 2197 815 2277 anaphora
843 2196 944 2277 repeti
972 2204 1109 2274 poterat3
1146 2209 1219 2250 nam
1247 2188 1339 2247 etism

320 2307 381 2385 ihi,
409 2308 465 2370 ubi
486 2307 673 2373 antecedens
693 2328 803 2375 sersus
827 2303 977 2369 diuiditur
996 2302 1159 2379 membris,
1184 2321 1264 2384 quae
1285 2299 1341 2360 tali

322 2422 509 2503 compositae
538 2423 710 2484 sententiae
740 2420 903 2483 subiicitur
930 2418 990 2479 alia
1020 2417 1054 2479 vi
1083 2434 1211 2497 comper
1237 2426 1342 2497 potest

322 2536 515 2616 anaphoram
536 2536 671 2611 habere,
700 2546 735 2594 ut
754 2531 877 2596 ridebis
899 2532 947 2607 11,
971 2536 1004 2609 t,
1027 2531 1068 2590 ta
1091 2548 1177 2611 sqq:

403 2699 704 2713 —————
731 2676 798 2726 tuno
821 2663 939 2726 consita
958 2682 1090 2744 pomus,

448 2779 525 2840 Tunc
545 2780 626 2841 bibit
648 2779 781 2858 irriguas
802 2779 912 2839 lertih's
936 2753 1047 2838 hortus
1070 2790 1185 2858 nistros,

403 2892 509 2954 Aurea
530 2903 596 2952 tuns
619 2909 743 2970 pressos
764 2888 898 2970 pedibus
920 2886 1006 2950 dedit
1028 2910 1090 2951 uva
1111 2877 1252 2972 liquores

445 3005 610 3088 Mixtaque
636 3023 746 3067 securo
768 3014 814 3064 est
833 3001 939 3063 sobria
959 3003 1088 3085 lympha
1109 3022 1213 3079 mero,

322 3137 378 3201 ubi
398 3137 432 3199 in
452 3137 559 3221 priore
580 3136 711 3201 disticho
733 3132 772 3197 de
794 3136 864 3197 cibo
885 3137 1044 3217 loquitur,
1069 3155 1199 3217 pomum
1220 3129 1289 3195 dico
1312 3141 1343 3193 et

323 3253 410 3314 olera
436 3251 537 3330 horti,
563 3251 599 3313 iu
619 3252 718 3313 altero
741 3247 780 3313 de
802 3262 890 3330 potu.
938 3246 1001 3310 Sed
1024 3249 1071 3311 ibi
1090 3248 1245 3329 repetitur
1267 3267 1343 3308 asra-

322 3369 425 3449 phora
453 3387 524 3429 cum
552 3384 672 3429 nouum
694 3363 848 3427 distichon
873 3383 938 3431 non
959 3375 1065 3444 posset
1086 3381 1192 3423 carere
1215 3361 1281 3422 eius
1302 3358 1343 3434 vi,

324 3494 355 3543 at
376 3483 408 3560 Ι,
429 3487 463 3556 8,
485 3482 534 3541 14.
559 3483 661 3558 abest,
691 3501 762 3542 cum
783 3476 947 3541 claudatur
968 3474 1194 3539 distichon-
1235 3474 1344 3536 Deinde

323 3594 391 3657 fieri
419 3605 538 3675 potest,
570 3606 606 3655 ut
633 3613 743 3654 sensus
766 3603 797 3653 et
821 3590 986 3653 consilium
1011 3590 1074 3651 loci
1100 3583 1245 3648 excludat
1269 3608 1344 3647 ana·

326 3711 476 3791 phorum,
512 3709 572 3768 ubi
598 3729 678 3791 quae
707 3709 817 3770 insunt
843 3709 984 3769 membra
1013 3700 1053 3764 ad
1080 3700 1230 3763 maiorem
1259 3722 1344 3763 nunc

325 3824 475 3890 unitatem
496 3822 638 3885 revocari
660 3819 784 3883 debent
824 3818 877 3883 sic
899 3808 1055 3882 distichon
1076 3816 1106 3895 1,
1122 3821 1159 3896 2,
1183 3818 1235 3878 47.
1252 3815 1311 3877 48:

406 3952 493 4014 Haec
515 3964 607 4015 cantu
633 3948 786 4043 finditque
809 3952 912 4015 solum
932 3949 1109 4033 Manesque
1133 3942 1283 4027 sepulcris

451 4066 542 4126 Elicit
564 4077 595 4127 et
616 4064 721 4144 tepido
743 4061 873 4125 devocat
896 4082 966 4125 ossa
986 4081 1084 4142 rogo:
1173 4107 1180 4111 ν
