3009 4725
347 345 406 402 178
580 338 861 412 COMMENTAR.
883 348 926 410 llll
951 352 1122 420 TlBULLl
1167 377 1168 380 ’

610 793 946 867 ELEGlA
1021 800 1084 874 ΙΧ,

732 1082 950 1094 ..um-

695 1322 1004 1395 lNTRODUCTlO.

342 1565 414 1678 Qui
434 1603 465 1648 ut
483 1594 591 1647 Vossius
610 1592 729 1646 dubitant
747 1593 880 1646 Tibullum
901 1609 1039 1663 puerorum
1063 1596 1193 1649 amoribus
1218 1598 1352 1665 aliquando

336 1698 464 1750 irretitum
490 1696 584 1759 luisse,
612 1710 664 1748 non
690 1696 815 1762 legerunt
838 1701 940 1749 attente
964 1694 1015 1749 liae
1041 1711 1162 1764 carmen,
1187 1700 1212 1751 in
1230 1715 1282 1767 qno
1300 1706 1350 1754 tam

338 1812 431 1865 graves
447 1796 502 1847 irae
519 1795 677 1865 conspicuae
695 1801 756 1848 mni
773 1803 827 1849 tam
848 1792 931 1848 vivida
953 1797 1072 1850 oratioue
1090 1795 1246 1867 expressae,
1272 1806 1301 1850 ut
1317 1800 1350 1853 de

331 1897 437 1950 fictione
453 1895 535 1948 totius
553 1896 591 1947 rei
611 1894 682 1947 nullo
701 1895 780 1949 modo
799 1896 910 1964 cogitari
929 1897 1019 1964 possit,
1037 1898 1086 1949 etsi
1103 1898 1129 1950 in
1147 1899 1230 1950 maius
1247 1904 1348 1950 auctam

330 2011 388 2050 eun
418 1994 565 2050 concedam.
610 1996 689 2063 Atqui
721 1998 743 2049 si
778 1996 854 2051 liuius
886 1998 991 2065 elegiae
1020 2003 1201 2065 argumentum
1228 2014 1279 2051 non
1308 2003 1349 2051 est

260 2155 263 2162 ‚
328 2095 495 2160 liciumque
512 2093 569 2145 iure
585 2100 694 2160 quartae
711 2100 738 2146 et
757 2100 866 2146 octavae
885 2094 1021 2152 veritatem
1039 2094 1150 2149 subesse
1168 2096 1348 2162 negabimus?

326 2192 411 2261 igitur
427 2190 548 2244 Tibullus
571 2197 664 2260 eaptus
682 2197 739 2244 erat
763 2206 853 2243 amore
879 2191 953 2257 pueri
979 2191 1129 2256 cuiusdam,
1154 2190 1267 2245 Marotlri
1283 2210 1299 2245 a
1316 2208 1347 2247 ae

326 2292 404 2359 dieti,
429 2307 506 2360 quern
526 2307 577 2359 ego
593 2292 671 2345 etiam
690 2288 784 2343 innoc
803 2288 918 2342 cuimine
935 2288 1089 2357 intelligam,
1133 2290 1215 2342 Deest
1239 2291 1347 2356 quidem

325 2407 436 2459 noman,
459 2391 506 2446 sed
531 2408 590 2445 cnm
616 2391 666 2445 liae
689 2389 794 2444 aliunde
819 2395 909 2442 notum
935 2396 1023 2454 esset,
1050 2405 1119 2444 nune
1136 2391 1199 2443 satia
1216 2391 1298 2445 visum
1318 2394 1345 2447 iu

325 2499 379 2545 tam
403 2494 477 2559 gravi
495 2491 677 2559 obiurgatione
695 2503 772 2541 suum
790 2501 901 2557 puerum
919 2486 1018 2541 dcere
1063 2489 1094 2541 Si
1110 2488 1176 2543 alias
1193 2504 1260 2557 puer
1279 2489 1345 2543 iuis-

325 2597 380 2657 set,
409 2591 556 2656 legeremus
581 2589 675 2658 opinor
699 2603 809 2653 nomen,
840 2591 871 2639 ut
895 2586 977 2639 moris
1000 2592 1042 2640 est
1067 2588 1093 2640 la
1118 2587 1158 2641 liis
1181 2589 1345 2644 carminibus.

324 2690 377 2745 Hie
394 2691 478 2759 igitur
495 2689 632 2744 Marathus
650 2695 711 2760 post
729 2694 849 2757 tempora
866 2689 970 2755 elegiae
987 2689 1035 2744 lv.
1054 2695 1082 2743 et
1104 2688 1177 2743 Vlll.
1194 2691 1344 2744 muneribus

322 2797 416 2860 eaptus
439 2790 496 2843 seni
520 2789 622 2842 cuidam
646 2790 789 2858 pecunioso
807 2803 837 2841 ae
855 2788 980 2855 dederet,
1009 2804 1077 2855 quae
1101 2788 1206 2857 quidem
1231 2792 1348 2859 pessima

321 2889 432 2960 pertidia
448 2890 485 2943 ita
503 2889 627 2941 excitavit
649 2889 713 2941 irum
731 2889 846 2955 Tibulli,
873 2895 904 2942 nt
922 2890 1074 2956 gravissime
1092 2905 1159 2944 nune
1182 2891 1208 2943 in
1227 2906 1284 2944 eam
1302 2891 1344 2944 in-

320 2991 444 3057 vehatur,
467 3006 517 3043 nee
538 3003 595 3042 rem
620 2987 717 3042 habere
743 2989 771 3041 in
792 2994 927 3058 posterum
950 3004 1009 3042 enm
1028 3005 1060 3042 eo
1082 2990 1153 3043 velit
1196 2988 1247 3041 Est
1263 2988 1344 3056 igilur

318 3101 498 3160 argumentum
515 3090 641 3157 simplex,
666 3089 765 3157 quippe
789 3089 859 3155 quod
882 3095 967 3143 totum
989 3088 1175 3163 obiurgatione
1198 3098 1226 3144 et
1238 3106 1341 3160 poenas

318 3192 522 3248 denuntiatione
540 3190 717 3256 contineatur,
741 3206 774 3244 ac
797 3190 860 3259 quid
877 3190 947 3245 aliud
972 3199 1108 3261 praeterea
1133 3193 1219 3261 potuit
1242 3194 1268 3247 in
1295 3192 1342 3245 tali

317 3310 363 3360 re,
390 3310 468 3362 qaam
484 3292 620 3359 inerepare
637 3305 766 3360 puerum,
792 3297 848 3345 tum
875 3292 925 3362 ipsi
951 3300 978 3346 et
995 3295 1142 3362 corruptori
1159 3308 1256 3362 poenas
1273 3307 1339 3346 nnn-

316 3394 385 3449 tiara
408 3392 537 3449 meritust
572 3392 648 3446 lavat
671 3408 735 3445 vero
755 3394 936 3447 tractationem
954 3394 1119 3447 considerare
1136 3394 1228 3450 rationi
1246 3399 1274 3446 et
1296 3395 1339 3446 in-

316 3492 371 3545 doli
390 3491 501 3560 elegiaci
518 3494 656 3559 carminis,
680 3499 710 3546 ut
727 3490 790 3546 milii
805 3494 909 3560 quidem
927 3494 1045 3561 videtur,
1069 3497 1096 3548 iu
1114 3496 1160 3549 tali
1178 3511 1206 3549 re
1223 3494 1340 3548 maxima

316 3592 520 3646 convenientem.
557 3592 680 3646 Cernitur
704 3592 770 3648 isaeo
793 3610 861 3648 nunc
886 3595 914 3648 in
939 3611 988 3662 eo,
1011 3595 1081 3663 quod
1098 3600 1178 3664 poeta
1194 3592 1337 3646 identidem

314 3690 412 3760 repetit
438 3698 466 3743 et
492 3692 599 3744 resumit
625 3693 690 3747 illud
715 3702 914 3763 argumentum,
947 3704 975 3749 ut
1000 3696 1069 3750 solet
1095 3696 1205 3749 allectus
1231 3693 1338 3763 saepius

315 3790 400 3844 redire
417 3789 451 3843 ad
468 3790 538 3844 idem
555 3792 631 3845 aliter
653 3800 733 3861 atque
759 3796 836 3850 aliter
857 3795 1030 3850 tractandum.
1067 3796 1129 3850 Huc
1146 3796 1229 3863 igitur
1245 3794 1339 3863 dispo-

312 3890 374 3943 sitio
398 3891 518 3944 carminis
542 3890 686 3944 revocanda
712 3892 762 3945 init
787 3909 803 3945 a
828 3893 917 3958 nobis,
946 3908 1024 3961 quam
1055 3910 1124 3948 nuno
1149 3908 1336 3964 proponemus.

313 3989 429 4042 Allectus
454 3992 479 4043 in
504 3990 591 4043 animo
614 3990 775 4045 dominantes
801 3992 943 4061 prodeunt,
978 4001 1008 4047 ut
1032 4011 1080 4063 par
1105 4002 1161 4061 est,
1193 3995 1279 4048 statim
1308 3995 1335 4047 in

311 4090 464 4144 exordia.
501 4089 622 4159 Erumpit
638 4092 717 4158 igitur
729 4094 815 4147 statim
833 4092 873 4147 liic
889 4096 1046 4164 obiurgatio,
1066 4108 1135 4149 aune
1149 4093 1255 4161 quidem
1271 4092 1335 4145 bre—
