3009 4725
337 338 399 398 42⁶
581 332 864 403 contumuit
885 340 931 406 ΙΝ
952 337 1123 408 TiBULbl

1103 633 1121 696 ,Ἰ
1143 621 1165 680 t.

582 877 609 938 E
652 878 681 939 L
723 878 749 940 E
794 878 823 942 G
865 881 880 943 1
923 881 955 942 D
999 883 1014 944 1
1057 885 1094 945 b

473 1065 519 1120 DE
538 1068 730 1124 sutelcltii
748 1070 799 1124 ET
817 1069 993 1125 CERINTHI
1011 1073 1213 1129 AMORIBUS.

682 1343 996 1412 PRAEFATIO.

327 1568 424 1683 Quae
449 1606 591 1670 sequuntur
617 1599 746 1669 elegidis,
771 1617 862 1657 eorum
888 1606 1024 1660 suetorum
1049 1619 1109 1657 cuns
1134 1603 1191 1657 eliis
1216 1602 1350 1657 Tibullum

326 1700 468 1768 hebemus,
493 1718 553 1756 cunr
572 1703 643 1756 nullu
661 1720 742 1758 censs
759 1705 854 1759 ldones
877 1704 961 1772 adsit,
986 1720 1068 1773 quere
1089 1721 1142 1759 nou
1158 1705 1238 1758 tuisse
1255 1705 1349 1759 Tibul-

326 1805 379 1857 lum
398 1804 592 1857 contendamus.
628 1805 659 1859 ln
684 1823 764 1874 quum
788 1808 941 1861 sententium
967 1807 1126 1876 disputetum
1152 1812 1194 1860 est
1217 1807 1296 1859 alcen
1320 1806 1347 1858 in

326 1902 394 1955 Nov.
423 1902 555 1959 Mesene.
584 1907 719 1960 Genusus.
755 1907 872 1974 (Nouem
899 1907 1041 1960 teutschen
1065 1906 1191 1973 Mulier)
1221 1906 1297 1959 Torn.
1322 1906 1346 1961 I.

324 2017 351 2068 p.
368 2004 421 2054 ²⁶7
439 2018 497 2070 sqq.
522 2003 568 2056 ubi
594 2012 680 2058 umen
703 2020 755 2058 uon
772 2009 859 2060 omnis
875 2005 945 2059 dicte
962 2006 1110 2074 prebemus.
1154 2005 1211 2059 Nos
1234 2005 1347 2058 diximus

325 2101 359 2156 de
384 2101 433 2156 lise
458 2119 487 2156 re
511 2106 642 2174 explicate
667 2108 694 2160 iu
715 2106 774 2160 Vite
792 2107 890 2159 Tibulli
912 2113 939 2159 ct
958 2107 984 2159 iu
1004 2106 1190 2159 Dissertstioue
1213 2106 1248 2159 de
1265 2104 1346 2160 Poesi

326 2203 399 2267 clus;
415 2219 483 2256 nunc
501 2211 589 2258 eutem
607 2207 664 2273 ipss
682 2205 795 2257 lectione
815 2202 953 2254 carminum
972 2202 1063 2263 disces,
1084 2207 1179 2265 quwtu
1197 2201 1232 2252 eit
1249 2203 1346 2253 ineen-

324 2300 416 2367 tionis,
441 2305 636 2372 compositionis
659 2309 687 2355 et
710 2300 829 2351 dictionis
853 2298 983 2364 elegantia
1006 2303 1110 2351 etcum
1129 2298 1344 2352 Tibullisuuru-

323 2402 395 2455 tloue
421 2403 575 2466 similitudo,
608 2414 684 2467 quum
712 2400 768 2451 sint
798 2400 832 2451 ub
864 2400 934 2452 omni
961 2404 1037 2468 purte
1067 2399 1147 2466 digus
1176 2400 1223 2455 teli
1253 2404 1344 2469 poete.
1459 2454 1460 2473 p

323 2499 467 2565 (liscum
489 2512 539 2550 nou
564 2500 628 2552 sutis
652 2513 746 2566 muguu
769 2514 832 2552 curs
858 2504 885 2550 et
908 2497 1042 2566 diligentis
1061 2501 1144 2568 pollis
1161 2515 1194 2553 os
1210 2499 1342 2555 dicentem

323 2615 375 2654 nou
393 2598 537 2667 intelligo).
580 2599 665 2666 Origo
683 2614 745 2653 veto
767 2613 859 2653 eorum
878 2598 1048 2666 probabiliter
1063 2599 1104 2651 sie
1121 2600 1245 2667 eupllcsri
1264 2616 1341 2669 posse

322 2698 439 2753 videtur:
466 2699 599 2767 Sulpicio,
624 2698 706 2751 nobili
729 2712 827 2763 genere
852 2696 954 2765 puelle,
985 2697 1084 2751 iuvenis
1102 2698 1236 2752 cuiusdam
1253 2716 1341 2754 umore

322 2807 400 2869 cepte
423 2807 481 2853 erst
504 2800 582 2866 eique
604 2806 736 2866 postremo
759 2799 861 2867 nupsit,
887 2799 932 2864 qui
956 2796 998 2850 bic
1023 2795 1162 2851 Corinthus
1186 2799 1339 2851 nominetur.

321 2882 415 2952 Fuisse
435 2913 495 2951 euru
512 2900 644 2951 Graecum
662 2910 799 2966 perpurum
817 2898 956 2963 opluuutur
974 2895 1121 2960 Hermus,
1140 2894 1269 2961 Vossius,
1284 2896 1339 2959 ulii,

322 2997 425 3048 numine
443 2995 563 3063 decepti3
591 2995 640 3047 luit
656 2994 724 3052 bend
740 2994 821 3048 dubie
840 2995 989 3061 Romanus,
1007 2996 1057 3048 etsi
1074 2995 1184 3048 loclesse
1201 2994 1340 3061 ignobilior

322 3094 455 3164 Sulpicia,
482 3093 552 3147 uude
575 3094 631 3145 tlerl
657 3094 743 3159 potuit
767 3100 797 3145 ut
822 3100 906 3146 ruster
930 3094 963 3146 de
988 3096 1040 3146 ulio
1064 3095 1186 3162 coniugio
1211 3096 1339 3161 cogitaret

322 3193 364 3260 (6,
382 3193 450 3261 lb).
485 3193 552 3246 Erst
576 3193 672 3245 urnicus
689 3192 803 3257 Tibulli,
829 3195 874 3259 qui
897 3194 930 3246 ud
950 3210 1010 3246 eum
1027 3195 1168 3248 secuudum
1187 3200 1215 3248 ct
1232 3195 1338 3247 tertioue

321 3307 425 3344 curmeu
450 3292 509 3345 libri
533 3290 640 3344 secundi
663 3290 784 3358 scripsltp
811 3306 871 3344 nem
893 3291 1003 3345 eundern
1022 3308 1081 3345 esse
1099 3292 1167 3346 bunc
1184 3309 1260 3346 uento
1278 3294 1338 3345 iure

321 3390 462 3454 negewrit.
498 3391 553 3442 Sed
571 3406 664 3444 nomen
683 3389 821 3442 Corinthus
838 3391 927 3443 fictum
945 3407 979 3444 ne
997 3392 1096 3447 dubiis.
1138 3394 1250 3459 Legitur
1265 3392 1337 3445 idern

320 3505 363 3556 sp.
379 3488 488 3539 Hoetu.
507 3491 563 3541 Set.
581 3491 603 3555 l,
624 3496 651 3556 2,
668 3495 712 3544 81.
732 3491 766 3544 de
785 3490 894 3560 pulchro
912 3508 1009 3561 puero,
1036 3500 1065 3547 et
1082 3492 1131 3546 luit
1149 3494 1217 3546 iuter
1233 3492 1338 3560 poetice

320 3586 423 3640 nomios
440 3584 515 3649 istius
535 3589 668 3652 temporis.
703 3589 807 3642 Iuvabit
825 3589 858 3642 de
876 3592 1022 3645 nominibus
1038 3592 1107 3645 fictis
1124 3592 1242 3646 conferre
1260 3593 1338 3644 Wes-

321 3704 454 3743 crseunnrs
469 3687 496 3739 iu
514 3686 594 3739 Post:
607 3687 668 3741 Lat.
686 3688 793 3757 Reliqq·
812 3709 838 3759 p.
856 3694 910 3744 tlt
925 3709 981 3761 sqq.
1017 3694 1071 3746 Sed
1091 3710 1137 3747 eur
1154 3694 1261 3746 Tibullo
1279 3694 1339 3762 pls-

319 3792 374 3844 cuit
395 3791 485 3842 fictum
511 3787 626 3840 nomeu‘l
670 3790 723 3845 Qui
749 3790 889 3846 Mensulam
916 3800 943 3846 et
970 3793 1087 3846 biscrum
1110 3795 1166 3846 suis
1190 3793 1338 3847 nominibus

287 3876 291 3881 ⁴
319 3895 448 3956 nominet,
465 3890 558 3963 'videri
583 3888 662 3942 debet
684 3892 762 3944 etism
782 3890 857 3945 liuius
881 3895 956 3947 unrici
974 3894 1073 3947 iuvenis
1090 3910 1180 3949 verum
1198 3910 1291 3948 nomeu
1309 3896 1338 3948 in

318 3988 424 4043 secundi
443 3989 501 4041 libri
518 3987 672 4041 carminibus
689 3986 793 4041 duobus
810 3991 953 4058 scripsisse,
970 4006 1020 4044 uso
1035 4009 1117 4048 cuuss
1132 4002 1241 4064 uppuret
1255 4010 1338 4062 quere

319 4087 373 4141 iilic
396 4087 501 4155 quidem
527 4088 597 4143 uliud
615 4088 774 4145 substituere
794 4091 928 4155 debuerit,
956 4096 983 4146 nt
1008 4094 1035 4147 iu
1060 4093 1100 4148 hls
1123 4094 1260 4164 poeniutiie
1284 4110 1337 4148 uon
