3009 4725
327 396 390 437 xcu
735 376 793 438 DE
818 372 937 441 POESI

327 553 405 614 dicta
425 558 533 623 emmiu
554 554 628 613 banc
648 563 721 634 pua
739 559 946 633 praesinenam
964 575 1104 616 summam
1125 564 1213 632 ruris,
1235 561 1345 640 qualem

325 666 428 725 laudat
450 666 589 726 ’.1111011011

412 781 515 842 Venio
542 777 581 840 ad
608 799 718 840 amores
746 781 859 861 poetae
881 789 912 841 el
932 788 1066 843 muldam
1087 795 1208 865 partem
1228 803 1346 846 rerum.

326 897 406 958 Cum
436 897 580 958 Tibullus
611 881 883 958 rusticem'vitam
914 908 1077 980 tantopere
1103 897 1228 976 laudet,
1257 897 1344 962 vides

324 1012 461 1090 primum
482 1011 575 1070 etiam
598 1029 718 1071 amores
744 1009 910 1088 agrestium
931 1032 997 1072 non
1018 1014 1158 1092 potuisse
1178 1013 1275 1074 taceri
1295 1015 1344 1075 in-

323 1141 372 1189 ter
393 1131 450 1190 lias
471 1125 590 1189 laudas.
639 1127 786 1189 Profecto
813 1148 921 1189 omnes
943 1127 1165 1211 descriptiones
1186 1134 1270 1193 ruris
1292 1150 1343 1192 or··

324 1242 411 1305 navit
432 1239 613 1304 huiusmodi
629 1240 716 1318 locis,
735 1243 846 1304 conler
865 1241 961 1306 modo
983 1245 1007 1320 l,
1031 1250 1081 1322 10,
1103 1250 1143 1305 53
1166 1265 1235 1327 sqq.
1254 1245 1294 1320 Il,
1316 1250 1343 1318 1,

324 1364 364 1419 67
387 1376 455 1440 sqq.
478 1365 506 1433 5,
525 1364 565 1419 35
587 1379 657 1442 sqq.
680 1363 789 1434 5,101
810 1379 879 1442 sqq.
922 1358 1005 1421 Nam
1029 1380 1103 1421 rene
1125 1371 1218 1420 natus
1236 1360 1342 1432 Am0r,

322 1492 397 1534 rure
429 1470 512 1551 degit
550 1475 721 1534 etiamnum
750 1474 880 1550 lubens,
919 1472 1021 1553 placet
1052 1472 1113 1533 sabi
1145 1471 1181 1534 in
1216 1472 1342 1533 rusticis

322 1589 482 1663 moribus,
510 1588 652 1669 loquitur
678 1584 794 1647 rustica
822 1585 920 1648 verba
948 1587 1097 1662 aratoris,
1123 1584 1255 1646 interest
1276 1585 1341 1646 lae·

320 1712 371 1761 tus
400 1713 431 1762 et
453 1701 597 1782 petulans
622 1698 710 1760 festis
738 1708 771 1760 01
796 1698 1010 1780 voluptatibus
1036 1700 1217 1778 agrestibus.
1269 1699 1340 1781 Ipse

319 1835 396 1877 vero
418 1815 563 1877 Tibullus
581 1813 718 1895 primum
740 1833 875 1875 uxorem
892 1811 1006 1876 ducere
1024 1825 1055 1874 et
1074 1812 1109 1874 in
1131 1813 1212 1892 agris
1232 1813 1341 1875 vivere

319 1949 391 1993 eum
411 1951 449 1992 ea
467 1931 611 2007 volebat,
641 1926 729 2012 quod
754 1947 820 1992 uon
849 1929 1048 1992 observatum
1080 1948 1099 1988 a
1126 1923 1340 1990 viriadoeus.

317 2044 365 2105 Ita
386 2065 462 2107 vero
484 2043 557 2107 dicit
578 2044 601 2118 Ι,
626 2048 674 2120 10,
697 2049 736 2102 39
761 2064 844 2134 sqq:

402 2154 505 2230 Quam
525 2155 632 2233 potius
653 2151 828 2213 laudandus
850 2151 902 2210 bic
924 2162 977 2226 est,
1000 2169 1094 2230 quem
1116 2150 1206 2230 prole
1228 2164 1338 2233 paratu

446 2264 586 2346 Occupat
605 2264 639 2324 in
660 2284 759 2345 parva
779 2263 868 2342 pigra
888 2275 1010 2324 senecta
1032 2259 1119 2325 casa!

400 2383 472 2465 Ipse
494 2400 565 2442 suas
588 2391 722 2441 sectatur
744 2398 832 2455 oves,
854 2391 886 2440 at
905 2379 987 2441 filius
1009 2400 1115 2462 agnos,

444 2500 485 2563 Et
508 2495 639 2560 calidam
661 2497 743 2559 sesso
767 2507 928 2579 comparat
950 2512 1032 2560 uxor
1052 2519 1178 2582 aquam.

399 2592 451 2677 sii
473 2634 529 2695 ego
553 2613 620 2677 sim.

315 2730 485 2813 Postquam
518 2740 622 2791 sutem
651 2727 763 2791 Deliae
793 2726 1028 2809 pulchritudine
1056 2729 1221 2807 incensus,
1260 2750 1334 2792 con-

312 2843 390 2922 iugii
410 2845 484 2906 iusti
506 2840 671 2905 consilluni
695 2841 866 2917 abiecerat,
889 2852 994 2900 tamen
1015 2843 1108 2902 etiam
1131 2843 1191 2904 lios
1212 2863 1334 2905 amores

312 2977 378 3019 non
399 2958 537 3021 seiunxit
556 2959 739 3037 cogitatione
762 2957 917 3017 arustica
937 2955 1010 3031 vita,
1033 2954 1185 3037 quamdiu
1206 2956 1334 3039 quidem

312 3072 406 3134 Delia
431 3072 565 3152 innupta
584 3071 662 3145 fuit,
690 3088 746 3129 nec
767 3066 828 3127 nisi
848 3071 961 3129 morbo
986 3069 1083 3128 animi
1105 3070 1138 3130 in
1160 3070 1222 3131 fine
1249 3072 1332 3133 vilae

311 3206 350 3249 eo
379 3183 491 3247 adduci
518 3183 635 3262 potuit,
663 3191 698 3241 ut
724 3177 861 3243 vendere
891 3181 990 3244 avitas
1012 3181 1100 3246 sedes
1128 3206 1162 3246 se
1186 3199 1331 3266 paratum

311 3298 443 3375 diceret,
476 3298 503 3359 si
525 3295 667 3357 Nemesis
688 3295 819 3357 avaritia
838 3297 972 3361 iuberet.
1022 3298 1084 3364 Sed
1106 3300 1246 3365 dieamus
1268 3305 1331 3366 sin-

308 3415 436 3496 gulatim
459 3410 498 3473 de
520 3431 626 3472 amore
646 3411 761 3474 harum
780 3414 966 3495 puellarum.
1065 3414 1067 3417 ’

392 3528 439 3588 Ac
459 3527 543 3590 Delia
563 3524 692 3609 quidem
711 3547 771 3609 per
791 3548 824 3589 se
845 3531 930 3592 bona
949 3542 979 3591 01
993 3533 1095 3612 proba
1112 3534 1218 3615 puella
1234 3533 1330 3596 fuisse

308 3641 451 3721 videtur,
480 3643 622 3705 honestis
652 3644 812 3722 moribus,
843 3645 969 3726 ingenio
991 3668 1057 3709 non
1077 3648 1214 3725 inculto,
1248 3668 1328 3730 qnae

307 3757 428 3819 Tibulli
450 3777 557 3820 amore
577 3759 669 3821 initio
691 3778 757 3822 non
778 3756 906 3839 indigna
929 3773 1018 3823 esset.
1067 3762 1233 3824 Passovius
1256 3760 1329 3824 dicit

307 3871 411 3934 minus
432 3873 513 3939 bene
533 3883 564 3934 et
584 3872 756 3936 liberaliter
776 3872 956 3953 educatam3
981 3896 1037 3957 ego
1062 3895 1228 3967 quaeram,
1251 3898 1328 3958 qua·

304 3989 366 4050 lem
389 4011 514 4054 censere
526 3966 714 4071 debeamus,
736 4014 753 4054 a
776 4012 840 4075 qua
859 3992 1025 4055 Messalam
1043 4006 1136 4073 poeta
1152 3992 1253 4071 excipi
1270 4014 1327 4054 vo.

305 4105 387 4166 lebat
403 4105 435 4165 in
452 4102 582 4185 praedio
601 4125 669 4168 suo.
713 4103 904 4169 observabis
926 4104 1038 4168 deinde
1060 4103 1173 4185 scripta
1196 4102 1236 4166 ed
1258 4126 1325 4167 eam
