3009 4725
456 408 641 483 TIBULLl
675 409 761 482 LIB.
782 410 841 483 Ill.
859 424 886 483 6.
1133 420 1183 492 75

160 603 275 678 &Nee
300 625 362 674 ves
390 615 450 672 ant
476 596 613 697 capiant
636 595 821 696 pendentia
842 595 985 671 brachia
1011 598 1098 675 eollo

248 730 320 804 Aut
343 726 442 801 saliat
466 726 595 800 blanda
618 723 760 799 sordida
785 724 904 825 lingua
923 754 1035 828 prece.

112 896 117 904 ·
201 859 274 932 Etsi
301 883 430 958 perque
452 882 535 927 suos
562 851 666 927 fallax
690 854 816 928 iuravit
837 854 964 930 ocellos

246 988 481 1083 Iunonemque
507 1010 605 1055 suam
632 1009 761 1083 perque
784 1011 882 1056 suam
907 989 1095 1074 Venerem,

212 1113 316 1187 Nulla
337 1111 424 1187 fides
450 1111 566 1185 inerit:
599 1111 751 1211 periuria
778 1112 868 1186 ridet
893 1135 1065 1191 amantum

167 1262 205 1316 50
264 1243 418 1343 Iuppiter
443 1259 476 1318 et
497 1258 615 1314 ventos
641 1240 737 1314 irrita
762 1241 852 1315 ferre
877 1241 980 1318 iubet

208 1373 301 1469 Ergo
324 1370 409 1472 quid
435 1370 559 1444 totiens
584 1367 715 1444 fallacis
737 1372 840 1444 verba
862 1371 995 1473 puellae

263 1501 487 1601 Conquerar?
510 1499 556 1572 ite
579 1527 597 1572 a
622 1526 699 1588 me,
729 1500 818 1573 seria
842 1502 966 1591 verba,
998 1503 1127 1604 procul.

212 1628 326 1726 Quam
351 1628 469 1703 vellem
494 1647 606 1703 tecum
633 1627 752 1728 longas
779 1629 990 1730 requiescere
1013 1649 1130 1706 noctes

253 1759 297 1833 Et
321 1777 432 1832 tecum
456 1757 579 1857 longos
605 1757 809 1860 pervigilare
835 1758 927 1850 dies,

172 1885 354 1964 ssPerfida
379 1916 443 1962 nee
468 1888 589 1962 merito
614 1888 716 1963 nobis
743 1888 880 1962 inimica
908 1890 1069 1977 merenti,

261 2014 415 2106 Perfida,
444 2017 522 2108 sed,
553 2017 706 2118 quamvis
731 2015 885 2119 perfida,
920 2043 999 2090 cara
1022 2020 1153 2091 tamen!

211 2145 322 2221 Naida
347 2146 506 2221 Bacchus
531 2165 638 2221 amat:
672 2175 803 2237 cessas,
836 2176 856 2220 ο
882 2146 970 2220 lente
996 2147 1173 2222 minister?

258 2278 440 2379 Temperet
463 2305 632 2351 annosum
658 2278 789 2352 Mareia
815 2276 955 2384 lympha
981 2307 1122 2352 merum.

208 2409 287 2482 Non
312 2437 395 2507 ego,
430 2409 460 2482 si
485 2408 596 2507 fugiat
621 2427 756 2483 nostrae
784 2410 935 2483 convivia
961 2440 1099 2486 mensae

174 2550 212 2605 60
268 2537 427 2634 Ignotum
449 2538 590 2639 cupiens
615 2567 704 2613 vana
729 2538 843 2639 puella
866 2555 998 2630 torum,

211 2662 385 2741 Sollicitus
409 2684 558 2767 repetam
582 2685 651 2741 tota
677 2666 826 2766 suspiria
850 2683 959 2739 noete.

268 2796 323 2868 Tu
345 2822 449 2895 puer,
481 2795 512 2886 i,
542 2796 712 2899 liquidum
736 2793 858 2867 fortius
885 2792 974 2866 adde
1000 2819 1141 2865 merum.

213 2927 285 2998 lam
311 2925 445 2999 dudum
470 2926 571 3031 Syrio
597 2924 808 3000 madefactus
835 2941 987 3022 tempera
1013 2920 1124 2994 nardo

265 3055 462 3130 Debueram
485 3057 582 3131 sertis
608 3055 816 3158 implicuisse
844 3080 968 3126 comas.

248 3242 280 3296 V.
290 3245 334 3298 47.
357 3245 446 3311 Vulgo
470 3244 571 3296 iurarit
593 3244 627 3298 de
650 3245 799 3298 coniectura
819 3242 968 3296 Fanum.
1005 3237 1117 3297 Quidam
1140 3235 1199 3288 librl

173 3335 295 3417 iurabit,
320 3344 469 3396 nominatim
487 3344 642 3397 emanue
679 3342 733 3396 Sed
751 3357 840 3395 verum
864 3342 938 3395 lura
957 3340 1008 3392 vit
1030 3335 1101 3407 quod
1118 3333 1200 3390 ueteri

175 3435 394 3492 amoenabat.

248 3535 281 3590 V.
294 3541 338 3589 ⁶2.
363 3537 476 3592 Codices
500 3538 556 3592 fere
579 3556 689 3608 precor,
715 3541 794 3592 etiam
818 3538 950 3607 Emer-pra
973 3536 1099 3591 huno.
1143 3534 1199 3588 Sed

177 3636 298 3700 procul
322 3636 452 3692 Puenrna.
496 3637 627 3691 Consum
652 3654 729 3691 reesa
756 3639 835 3690 etiam
860 3637 1066 3701 ll,1,ee.-
1108 3634 1198 3689 ΜΒ.

178 3730 266 3799 vulgo
290 3731 387 3807 longas
405 3745 493 3788 tecum
511 3752 546 3789 ex
565 3739 643 3790 Anno
664 3740 742 3790 1⁶15.
756 3765 792 3777 -
827 3736 861 3789 V.
870 3720 916 3790 5⁸5.
935 3734 1077 3787 inimice
1099 3731 1200 3799 nptlml,

177 3834 259 3885 reete.
294 3848 342 3882 nee
362 3833 451 3883 amica
471 3833 627 3888 Rnemnme
646 3835 764 3902 eliaeque
788 3839 897 3889 veteres.
928 3832 1004 3886 Cous.
1022 3831 1146 3884 Hmm.

249 3927 282 3980 V.
292 3932 336 3982 ω.
354 3930 475 3984 Puucme
494 3933 561 3986 mule
578 3934 599 3982 Ι
604 3964 611 3989 ‚
631 3932 754 4000 quidquid
769 3934 840 3987 dieat
852 3932 1019 3985 Hnrennun
1055 3928 1202 3980 prenomen

177 4023 236 4089 Tu,
253 4027 323 4093 quud
338 4045 429 4083 omnes
445 4029 551 4095 habeut,
569 4032 749 4085 necessarium.
780 4032 842 4084 Mox
858 4030 941 4082 issm.
961 4042 1023 4080 ver.
1055 4024 1151 4090 Mirer,
1167 4039 1204 4077 es.

519 4160 860 4193 ,αι-ι’·-
