3009 4725
476 407 585 502 Lrnn.
608 410 631 470 1.
675 410 797 476 nnnc.
820 414 876 479 vr.
1138 438 1196 494 rao

176 591 265 643 venne
289 584 393 639 eiicere
417 581 486 636 solet
509 579 610 635 infidas.
656 583 736 638 Vides
755 602 789 640 ex
807 584 856 643 bac
875 565 1037 650 nanneticae
1054 600 1195 655 secundani

174 693 275 758 partem
293 683 394 750 elegiae
413 681 526 734 maxime
543 682 570 732 in
589 685 679 748 poenis
696 684 790 739 divinis
808 691 931 748 perfidiae
954 695 1115 753 declarandis
1133 717 1194 755 ver-

172 791 241 854 sari3
267 788 377 857 primum
404 785 472 838 enim
497 784 629 836 oraculum
657 784 784 839 Bellonae
811 795 951 860 tractatur,
980 798 1006 848 in
1030 800 1081 852 fine
1105 808 1192 855 auteur

172 891 314 946 eommunis
345 886 482 939 laudarum
509 885 645 937 mulierum
675 885 701 937 in
732 895 867 959 senectute
897 895 1000 948 miseria
1032 903 1192 970 proponitur,

169 1006 247 1057 quam
265 989 355 1041 Venus
373 987 467 1049 mittit3
492 999 552 1037 uam
570 986 650 1036 etiam
669 982 733 1040 haec
751 994 859 1056 propter
876 993 977 1048 Deliam
995 997 1046 1051 dici
1064 1003 1122 1067 quis
1140 1020 1191 1056 non

170 1087 262 1141 ridet‘l
297 1087 370 1139 Inter
389 1084 436 1138 bos
454 1084 519 1138 duos
538 1086 610 1136 locos
628 1087 720 1138 tertius
739 1087 851 1156 denique
870 1092 1036 1162 interponitur
1051 1107 1091 1154 est
1109 1103 1191 1160 lenior

171 1193 200 1239 et
218 1186 317 1248 mitior,
341 1185 386 1236 nbi
403 1198 455 1236 non
473 1180 561 1234 laudat
578 1181 682 1248 quidem
701 1186 833 1251 puellam,
849 1189 897 1240 aad
917 1196 1002 1247 tamen
1018 1198 1082 1253 iram
1100 1217 1129 1255 se
1147 1220 1190 1257 re-

170 1288 275 1341 mittere
293 1284 356 1337 dicit
373 1290 480 1352 propter
497 1287 622 1348 matrem,
651 1289 678 1338 el
702 1284 751 1337 sibi
778 1287 856 1339 etiam
880 1303 984 1343 severas
1010 1296 1083 1363 leges
1106 1301 1191 1370 impo-
1276 1273 1280 1284 ι

171 1401 250 1448 nens,
280 1384 318 1436 sic
336 1383 452 1436 innurem
470 1381 563 1434 Deliae
581 1383 731 1454 cpptat,nsi
749 1399 780 1434 ea
799 1383 883 1451 ipsum
902 1396 1019 1456 paratum
1037 1396 1124 1450 videat
1140 1401 1189 1462 du-

172 1484 285 1535 rissimas
302 1499 399 1552 poenas
417 1483 522 1546 subire,
540 1487 644 1536 amatae
661 1498 724 1535 vero
742 1499 849 1551 parcere
867 1490 935 1542 nelle
953 1496 1079 1552 manibus.
1114 1502 1189 1557 Quae
1230 1498 1237 1514 “

171 1582 275 1649 quidem
300 1599 350 1635 non
375 1584 515 1638 blandinae
538 1584 631 1635 moilen
656 1590 730 1648 suut,
758 1584 805 1636 sed
830 1591 915 1644 tamen
939 1599 1061 1657 qnantum
1086 1599 1191 1665 qnidam

171 1679 247 1733 buius
272 1682 372 1746 elegiae
398 1681 526 1734 acerbitas
554 1681 667 1754 patitur,
694 1686 923 1748 temperamentum
949 1698 1050 1757 gratum
1078 1697 1190 1754 afferunt

169 1781 265 1832 ceteris
289 1779 435 1833 durioribus
460 1782 543 1835 verbis
568 1787 596 1833 et
619 1797 735 1836 amorem
752 1788 883 1840 testantur
900 1789 1187 1864 etiamnummagnum.

171 1881 257 1945 Atque
272 1877 336 1933 baec
354 1880 459 1946 quidem
476 1880 589 1933 secunda
608 1896 668 1948 pers
686 1886 734 1934 est.
773 1882 877 1950 Collige
895 1902 961 1941 nunc
979 1907 1046 1956 quae
1065 1899 1187 1964 exposui-

166 1993 234 2031 mus.
269 1980 385 2034 Primum
402 1979 435 2032 de
453 1981 571 2033 custodia
588 1981 665 2046 dicit,
693 1997 825 2051 exponens
843 1986 948 2052 pulchre
966 1988 1040 2043 dolos
1058 1996 1143 2047 varios
1161 2003 1189 2049 et

167 2085 237 2132 artes
253 2080 347 2146 quibua
365 2082 421 2149 ipse
439 2081 560 2135 fefellerit
575 2083 695 2135 maritum
718 2089 746 2135 et
765 2099 832 2137 nunc
850 2089 936 2154 puella
953 2092 1044 2144 callida
1068 2096 1107 2147 uti
1126 2112 1187 2165 pos-

168 2180 203 2232 sit
223 2180 248 2232 iu
266 2182 317 2234 alia
335 2198 379 2247 re,
406 2184 572 2250 postulatque
591 2185 727 2236 maximam
746 2185 773 2236 in
792 2184 834 2238 his
849 2187 957 2243 fallaciis
977 2195 1109 2248 custodiae
1127 2198 1187 2251 dili-

168 2282 289 2345 gentiam.
326 2281 379 2334 Sed
398 2299 457 2336 curn
476 2291 561 2348 tamen
582 2285 659 2336 etiam
678 2287 790 2338 manime
808 2261 927 2342 custodia
944 2308 996 2344 uon
1012 2297 1075 2348 satis
1090 2304 1187 2352 terreat

167 2382 300 2435 audaciam
319 2386 436 2438 callidam
455 2388 615 2454 puellarum,
633 2402 693 2438 mox
713 2391 884 2456 progrediens
903 2396 1005 2462 longina
1023 2415 1073 2467 per
1090 2402 1187 2467 grada-

167 2483 264 2534 tionem
288 2485 398 2536 affectus
415 2488 523 2538 assumit
539 2503 620 2555 porro
642 2488 720 2540 etiam
740 2492 867 2544 caelestes
884 2495 935 2547 iras
955 2514 1102 2566 poenasque
1121 2501 1187 2552 diri-

169 2596 216 2633 nas
235 2581 369 2634 denuntiat
381 2562 520 2650 religiosae
537 2585 654 2651 saluar.
671 2594 699 2643 et
716 2587 827 2641 observa
845 2606 921 2655 quam
937 2596 1003 2647 scite
1021 2595 1062 2649 bic
1081 2600 1187 2665 leniora,

167 2696 234 2749 quae
254 2688 389 2750 praeterea
407 2681 525 2749 babebat,
544 2683 705 2743 borununta
724 2688 749 2743 iu
765 2688 853 2741 medie
871 2692 1013 2757 collocarit,
1030 2698 1111 2751 urinas
1129 2715 1184 2752 rna-

167 2782 249 2834 lorum
268 2792 334 2837 varo
346 2784 371 2834 iu
389 2785 515 2853 principis
534 2792 561 2838 et
579 2788 646 2852 fine,
664 2795 696 2841 ut
712 2790 910 2853 aculeosacres
929 2792 1080 2859 relinquant.
1117 2800 1185 2854 θυῖ-

165 2879 214 2932 bus
236 2882 405 2936 considemtia
423 2887 494 2939 clara
511 2894 552 2939 est
569 2890 635 2943 ratio
658 2889 771 2957 elegias.
807 2890 867 2944 Nun
890 2892 1000 2958 legimus
1019 2892 1059 2946 luc
1082 2898 1184 2953 mollio-

167 2981 204 3034 ris
222 2985 318 3036 amoris
340 2984 434 3050 verba,
459 2989 548 3054 qualia
562 2988 621 3043 aliia
633 2991 663 3053 ¹in
682 2990 838 3044 carminibus
855 2991 978 3057 nimias,
1002 2993 1049 3045 sed
1068 2992 1109 3047 bin
1125 2998 1186 3061 qrri-

164 3081 223 3135 dem
243 3086 344 3137 mollior
361 3100 434 3139 amor
451 3088 530 3143 credo
550 3092 672 3158 paulatim
691 3091 838 3149 imminutus
864 3100 936 3156 mat,
961 3093 1053 3145 iterum
1077 3092 1184 3145 iterum-

164 3196 216 3246 que
236 3198 294 3235 cum
312 3185 389 3238 tidem
407 3187 515 3240 violaret
532 3191 619 3256 puella
637 3196 664 3243 et
681 3197 860 3247 successerant
878 3192 931 3244 irae
950 3192 1137 3259 frequentiores
1156 3201 1183 3244 et

164 3279 323 3346 pulsationes
346 3285 413 3337 adeo
435 3285 521 3340 natae
547 3293 630 3339 emat.
674 3291 750 3345 Quae
775 3304 854 3341 cansa
878 3290 981 3342 videtur
1005 3289 1074 3357 quod
1099 3291 1184 3357 elegia

162 3394 215 3438 uon
235 3381 354 3448 precibus
372 3391 399 3435 et
416 3385 545 3451 querelis,
561 3384 609 3437 scd
627 3386 763 3440 tristudine
781 3402 888 3441 severae
907 3388 980 3440 urinis
999 3394 1026 3440 et
1043 3405 1183 3456 poenarum

162 3482 312 3535 caelestium
330 3485 484 3549 egqredilur
501 3488 624 3554 puellam,
638 3494 666 3541 et
683 3493 739 3541 tota
757 3486 944 3539 iracundiorem
963 3503 1075 3540 amorem
1095 3490 1183 3558 spirat.

161 3579 331 3635 Hortatinnes
345 3589 406 3635 sunt
424 3584 449 3636 in
467 3586 525 3639 aliis
541 3600 645 3654 quoqne
662 3585 816 3639 carminibus
831 3591 909 3651 atque
927 3587 1097 3643 ostenduntur
1115 3596 1184 3644 lecte

163 3679 290 3736 interdum
308 3686 386 3737 etiam
407 3696 507 3754 poenae
524 3687 559 3740 ibi
578 3686 711 3755 perfidiae,
730 3686 777 3740 sed
796 3693 856 3739 aunt
873 3686 951 3741 etiam
968 3692 1085 3745 molliam
1104 3695 1185 3745 mulia

163 3784 191 3829 et
210 3766 352 3845 blandiora,
370 3792 541 3839 runcantem
559 3786 634 3838 abest
650 3784 699 3839 boc
717 3799 801 3851 genus
819 3798 949 3850 sensuum,
969 3791 1088 3843 acerbior
1105 3791 1184 3843 casti·

161 3879 234 3944 gatio
259 3883 407 3949 praevalet,
428 3868 559 3955 'dicitque
581 3888 673 3940 Deliae
699 3900 751 3939 acu
776 3886 857 3954 ipsius
880 3901 972 3951 causa,
1007 3886 1053 3939 sed
1079 3892 1184 3955 propter

160 3982 269 4032 matrem
287 3997 317 4033 se
336 3998 461 4050 parcere,
485 3988 555 4054 quod
576 3989 649 4042 rides
666 3990 723 4058 ipse
741 4003 817 4055 quam
837 3988 927 4040 diuum
946 3986 987 4039 sit.
1025 3990 1092 4038 Ante
1112 4003 1184 4040 arnna

158 4084 232 4130 verat
250 4084 391 4137 tenerrimo
410 4098 491 4139 sensu
507 4086 625 4157 feminam
645 4104 693 4157 pro
712 4095 857 4157 temporum
883 4087 989 4138 istorum
1014 4087 1113 4139 ratione
1139 4101 1183 4135 ran

156 4183 242 4245 stam,
269 4196 337 4234 nurrc
360 4188 546 4255 concupiscere
564 4204 595 4242 se
618 4191 669 4242 scit
686 4190 805 4255 infidam,
834 4186 875 4242 cui
901 4204 951 4240 non
976 4189 1014 4241 sic
1039 4204 1129 4256 parcas
1155 4198 1183 4238 ul

881 4296 898 4350 9
