3009 4725
619 415 804 484 TIBULLl.
1128 448 1224 492 (χιιι

192 594 303 677 puella,
330 601 363 654 et
384 609 458 653 eum
477 587 513 651 in
532 586 715 650 hexametro
735 587 957 669 praeposuerit
975 593 1091 671 memte,
1118 603 1223 655 tamen

196 728 261 770 non
291 702 384 770 vides
418 701 561 764 similiter
587 700 816 764 substantivum
845 704 941 785 puello
971 705 1005 765 in
1036 705 1224 787 pentametri

194 820 291 882 initiis
312 817 519 893 collocatum,
540 812 595 876 ssd
615 812 790 890 secundum
803 816 976 879 verborum
995 818 1225 898 oppositionem

198 955 284 995 nunc
311 929 390 994 ordo
411 948 529 993 vocum
554 927 714 989 institutus
743 939 790 989 est
817 939 849 989 et
870 927 920 989 his
943 931 1036 994 etiam
1061 930 1111 996 ina
1133 951 1225 995 suum

189 1044 329 1132 datum,
356 1063 420 1125 quo
440 1043 525 1104 lacto
547 1050 656 1104 auctio
679 1052 725 1102 eat
746 1039 914 1103 manifesto
934 1043 1025 1121 vigor
1045 1044 1227 1111 sententiae.

203 1158 317 1242 Neque
334 1158 417 1217 enim
433 1155 529 1218 solius
548 1153 641 1215 metri
659 1173 752 1214 eausa
768 1153 844 1215 talia
858 1153 954 1231 fiunt,
979 1153 1066 1238 quod
1083 1158 1227 1222 classicus

202 1284 299 1355 poeta
319 1268 409 1333 faede
428 1265 542 1344 vincit,
563 1263 621 1332 sed
643 1277 680 1327 ut
701 1265 808 1328 omnia
829 1286 909 1350 quae
928 1269 995 1330 vim
1015 1271 1132 1334 habers
1151 1293 1227 1354 pos·

202 1383 336 1445 suntin
361 1378 533 1460 sententia,
565 1379 693 1442 valeant
721 1400 817 1462 quam
842 1382 1032 1462 plurimum,
1063 1394 1158 1467 atque
1184 1385 1228 1448 ita

201 1497 366 1578 multiplex
385 1496 435 1558 via
458 1514 570 1557 rerum
590 1492 728 1555 exsistat.
769 1491 911 1558 Subiiaio
930 1497 1036 1558 locum
1056 1498 1125 1575 1‚a,
1140 1507 1200 1564 27:

286 1609 356 1673 Nee
375 1607 451 1670 sinit
471 1616 619 1670 occurrat
641 1606 826 1688 quisquam,
855 1606 911 1689 qui
932 1628 1068 1689 corporo
1087 1610 1174 1675 semo

330 1721 490 1782 Vulnerat
511 1730 565 1781 aut
585 1729 677 1799 rapta
697 1719 838 1798 praemia
858 1731 944 1782 vesto
963 1733 1067 1801 petat,

211 1831 269 1894 ubi
294 1829 382 1896 vides
406 1841 531 1894 sensam
551 1832 637 1892 hunc
656 1835 745 1893 'esset
778 1831 835 1913 qoi
862 1851 977 1913 corpus
1003 1835 1151 1900 voluerat
1176 1849 1229 1900 aut

210 1956 330 2009 vestem
354 1943 467 2024 rapiat.
515 1940 576 2004 Sed
600 1955 696 2024 poeta
722 1943 848 2008 inverso
875 1942 986 2007 ordine
1013 1948 1112 2010 verba
1133 1950 1229 2012 collo-

209 2057 293 2119 cavit
316 2057 379 2118 sic:
412 2053 468 2138 qai
496 2074 629 2137 corpora
653 2056 800 2119 vulneret
828 2066 883 2116 aut
909 2057 1012 2137 rapiat
1039 2068 1175 2133 vestem,
1204 2080 1230 2120 s.

207 2182 298 2253 rapta
313 2180 400 2233 vaste
414 2169 555 2249 praemia
571 2179 672 2250 petat,
694 2185 858 2251 opponens
872 2189 959 2231 nuno
976 2170 1074 2236 verba
1088 2172 1233 2234 summare

210 2295 238 2344 et
265 2305 386 2367 rapere,
425 2303 506 2366 quae
538 2281 684 2361 metior,
725 2279 949 2364 significantior
975 2284 1028 2346 ltie
1056 2285 1233 2366 oppositio;

210 2409 302 2480 atque
334 2398 427 2459 etiam
447 2395 532 2477 ferro
560 2393 680 2459 addidit
707 2417 739 2459 v.
761 2400 895 2476 miseret,
931 2417 998 2460 non
1029 2398 1144 2477 otiose,
1177 2398 1234 2461 sed

213 2508 366 2572 acuendae
395 2508 569 2571 sententiae
597 2520 628 2570 et
654 2509 862 2591 oppositionis
889 2531 992 2573 eausa.
1045 2512 1149 2591 Vulgo
1182 2511 1233 2573 hio

211 2645 323 2703 porum
354 2619 517 2684 attendunt
548 2619 589 2682 ad
620 2621 713 2700 talia,
754 2642 828 2684 casu
859 2624 959 2703 posita
978 2624 1044 2686 'aut
1074 2625 1236 2707 superflue

213 2739 392 2817 opinantes,
412 2735 583 2818 inquibus
604 2746 709 2797 tamen
721 2736 841 2813 ‘magna
861 2735 910 2796 vis
932 2748 987 2797 est.
1028 2735 1093 2798 Sed
1110 2736 1177 2799 dixi
1196 2737 1234 2800 de

213 2850 345 2930 singulis
361 2847 497 2912 distichis
514 2859 669 2932 quantum
686 2846 770 2910 satia.
812 2844 985 2910 Procedatn
1003 2847 1099 2924 igitur
1113 2850 1236 2928 longios

212 2978 245 3028 et
266 2962 472 3027 considerabo
495 2983 624 3046 quoquo
646 2946 831 3044 ampliorem
852 2981 944 3024 usum
967 2957 1175 3037 divisionum,
1204 2975 1238 3025 ut

212 3091 280 3141 tota
294 3091 407 3159 poetae
422 3078 458 3138 in
470 3078 533 3139 hoc
549 3096 664 3155 genere
683 3096 733 3138 ars
749 3086 863 3157 pateat.
904 3073 1029 3135 Etenim
1045 3071 1112 3135 lieni
1127 3084 1239 3154 potest,

214 3203 249 3252 nt
269 3192 365 3253 simul
386 3202 417 3253 et
439 3190 474 3251 in
498 3191 628 3269 singulis
651 3183 791 3251 distichis
814 3190 991 3250 habeantur
1018 3186 1185 3252 divisiones
1210 3201 1242 3251 et

217 3304 430 3385 oppositiones
456 3305 688 3379 membrorum,
721 3315 753 3362 et
775 3303 895 3380 integra
920 3300 997 3361 haec
1018 3299 1148 3365 disticha
1171 3303 1242 3381 ipsa

219 3416 278 3477 sibi
293 3428 496 3497 opponentem
510 3429 659 3499 tanquam
674 3414 803 3477 maioris
821 3415 993 3475 sententiae
1012 3425 1125 3494 partes.
1165 3416 1241 3477 Tale

217 3533 395 3612 exemplum
418 3542 465 3592 est
488 3532 516 3608 I,
540 3535 573 3606 1,
595 3535 636 3590 29
658 3550 727 3612 sqq.
751 3540 805 3589 aut
827 3527 859 3606 l,
882 3535 917 3605 8,
942 3533 979 3589 19
1001 3549 1087 3612 sqq.:

303 3643 423 3706 Cantus
445 3643 555 3706 vicinis
576 3643 682 3721 fruges
704 3639 840 3704 traducit
862 3640 901 3702 ab
924 3645 1022 3721 egris,

345 3757 465 3819 Cantus
488 3769 519 3817 et
540 3756 639 3818 iratae
662 3754 781 3821 detinet
801 3757 909 3834 angitis
931 3750 1007 3830 iter,

301 3871 422 3933 Cantus
444 3882 473 3931 at
496 3892 512 3930 e
535 3890 631 3931 curru
654 3868 776 3932 Lttnasn
800 3867 954 3933 dedocere
978 3878 1094 3941 tentat,

345 3984 385 4045 Et
407 3985 541 4059 faceret,
571 3984 597 4045 si
620 4003 685 4044 non
707 4006 781 4045 aera
802 3966 927 4066 repulsi
951 3992 1074 4043 sonent.

219 4096 363 4159 Vidimus
393 4117 492 4177 supra
520 4099 671 4159 unitatem
699 4098 794 4179 primi
822 4095 946 4158 distichi
977 4115 1015 4157 eo
1045 4090 1119 4171 niti,
1160 4089 1244 4176 qnod

903 4209 914 4267 i
931 4208 947 4245 it
