3009 4725
337 342 399 398 300
574 338 857 410 COMMENTAR.
881 345 927 412 IN
948 346 1121 414 TIBULLI

602 783 942 862 ELEGiA
1017 789 1075 863 Vl.

728 1031 949 1048 m

686 1238 999 1308 INTRODUGTIO.

327 1457 419 1550 vere
444 1492 585 1549 iudicatum
610 1500 653 1548 est
677 1492 727 1549 hoc
750 1510 856 1550 curmeu
880 1510 915 1549 ex
938 1493 1167 1564 praestantissimis
1184 1494 1227 1548 sul
1243 1496 1348 1562 generis

327 1601 396 1644 esse.
445 1591 545 1646 Durum
572 1601 601 1646 et
627 1594 768 1664 superbum
792 1592 925 1648 Nemesim
953 1592 1034 1647 fuisse
1059 1594 1123 1648 sutis
1144 1592 1255 1661 scimns3
1286 1594 1346 1649 iruic

326 1702 396 1743 nunc
413 1697 491 1759 poeto
515 1693 666 1749 mollissimo
690 1695 788 1749 affectu
812 1696 914 1765 pienum
932 1696 1044 1763 sisoium
1068 1694 1162 1759 mittit,
1190 1709 1267 1761 quern
1293 1694 1345 1748 ulio

327 1790 446 1858 tempore
475 1792 542 1845 siios
571 1793 664 1848 modos
695 1795 804 1849 vidimus
836 1800 987 1848 teotsutem·
1031 1795 1129 1864 Accipe
1155 1798 1342 1861 argumentum

326 1889 438 1942 Asmiiio
456 1890 557 1957 Moero,
575 1892 654 1946 uobiii
674 1901 760 1962 poeto,
779 1895 864 1948 emico
882 1894 990 1962 Tiburti,
1017 1901 1101 1948 csstru
1119 1899 1220 1959 secuto,
1242 1899 1268 1945 et
1287 1893 1343 1961 ipre

326 1988 359 2043 de
376 1992 512 2062 stipendiis
530 1994 653 2050 faciendis
670 1999 787 2065 cogitare
805 1999 910 2067 incipit,
937 1998 959 2050 si
978 1997 1045 2051 sorte
1066 1996 1104 2050 sic
1122 1996 1240 2063 effugere
1258 1996 1341 2064 possit

324 2108 461 2147 oerumuus
487 2095 590 2149 umoris
633 2098 728 2151 Statim
753 2109 815 2151 vero
844 2097 933 2151 obiicit
960 2096 1096 2151 consilium
1123 2096 1202 2151 modo
1228 2103 1340 2165 captum,

324 2191 463 2246 recordans
481 2209 559 2261 quum
576 2211 656 2264 ssepe
678 2196 729 2249 ium
754 2195 899 2249 decreverit
922 2194 1044 2249 deserere
1060 2194 1192 2250 Nemesim
1211 2195 1250 2248 tei
1269 2195 1341 2246 iurs-

324 2295 366 2343 tus
388 2297 518 2346 ettamen
536 2310 664 2362 uuuqusm
682 2296 807 2364 potuerit.
850 2293 968 2348 Produut
988 2309 1057 2348 uuoe
1074 2310 1104 2348 se
1121 2294 1233 2364 apertius
1251 2298 1279 2344 et
1297 2293 1340 2345 di-

323 2393 419 2446 sertius
436 2392 541 2445 doiores
559 2395 736 2448 intoiersbiies
752 2402 864 2464 postues
881 2396 996 2450 ridemus
1015 2402 1193 2452 exsecrantem
1210 2395 1339 2450 cruciatus

301 2494 425 2547 »Amoris
449 2496 604 2566 Aururisqus
629 2499 697 2565 teis,
721 2506 748 2553 et
772 2501 952 2569 cognoscimus
975 2516 1035 2555 eom
1060 2503 1102 2555 vel
1127 2502 1183 2554 ieto
1208 2500 1338 2577 finiturum

321 2591 400 2644 vitum
419 2592 514 2660 inisse,
543 2597 592 2649 uisi
610 2613 672 2667 spes
690 2600 816 2653 retineret
834 2599 892 2654 sore
916 2600 1053 2669 sliqusudo
1077 2601 1185 2666 meiius,
1213 2600 1340 2670 potentis·

321 2691 386 2745 sims
402 2694 445 2746 iiia
464 2695 489 2748 iu
515 2698 634 2751 omuibus
651 2697 729 2752 rebus
753 2698 887 2766 humenis,
912 2716 988 2767 qussn
1014 2716 1047 2754 ne
1071 2698 1145 2753 inlisi
1164 2705 1223 2753 ornt
1240 2697 1337 2751 Neme-

320 2794 378 2850 sim.
413 2795 457 2851 Ex
475 2813 528 2866 quo
544 2806 679 2853 crescente
697 2802 795 2854 effectu
811 2802 843 2854 sd
862 2802 1062 2856 obtestationem
1079 2802 1256 2871 gravissimum
1274 2815 1339 2854 con-

320 2897 438 2962 uertitur,
458 2913 611 2966 permanes
628 2900 726 2953 sororis
745 2901 857 2955 infelicis
873 2908 983 2956 smstsm
1002 2902 1149 2967 obscenus,
1169 2916 1237 2970 quse
1253 2915 1338 2969 nuper

320 3012 336 3050 e
362 2998 475 3052 fenestra
499 3014 625 3069 pneceps
651 3001 782 3056 ceciderat
806 3009 897 3056 terrers
922 3010 1023 3057 setstes
1051 3002 1127 3057 inuios
1151 3003 1184 3056 sd
1210 3003 1337 3056 tumuium

319 3101 430 3167 supplex
457 3100 549 3154 sedere
576 3105 604 3153 et
631 3108 722 3169 petere
748 3103 783 3155 sb
811 3118 845 3156 es
870 3102 995 3156 auritium
1021 3104 1093 3169 vuit,
1122 3118 1190 3171 quse
1216 3102 1337 3170 neglectu

318 3199 418 3250 souruis
436 3203 504 3254 ursis
522 3200 616 3253 mittet
652 3202 759 3262 Verum.
776 3205 872 3272 pergit,
895 3204 973 3257 tiueun
991 3203 1059 3258 isoio
1078 3205 1167 3258 tsiium
1188 3202 1336 3268 verborum,

318 3308 352 3346 ne
375 3305 513 3352 renovetur
539 3301 622 3352 iuctus
640 3300 761 3355 Nemesis
784 3318 833 3356 nec
851 3304 965 3357 incrimis
988 3307 1058 3358 ocuii
1082 3305 1218 3359 foedentur
1243 3305 1336 3356 imme-

318 3400 420 3462 reutes;
448 3398 515 3452 bons
539 3409 580 3455 est
603 3404 704 3472 puello,
731 3405 983 3474 attemperatum,
1008 3423 1075 3474 quse
1093 3408 1118 3460 ei
1135 3406 1223 3459 servit
1260 3403 1335 3457 Haec

317 3499 359 3545 est
382 3511 450 3561 quse
473 3500 583 3557 siiuruur
607 3510 750 3558 smstorum
776 3513 837 3559 votu
861 3506 967 3558 sciiuvst
991 3512 1078 3559 etune
1098 3506 1176 3559 toties
1194 3502 1334 3556 remittits

316 3593 420 3660 limine,
445 3611 503 3649 eum
529 3598 650 3655 Nemesis
674 3604 742 3657 intus
766 3612 815 3658 est.
853 3605 922 3659 Huic
947 3605 1027 3672 igitur
1050 3622 1079 3659 se
1106 3604 1175 3656 dirus
1199 3600 1336 3670 imprecari

314 3695 400 3749 soiere
425 3693 489 3749 dicit
513 3698 638 3753 maximus
661 3711 802 3773 speratque
829 3719 937 3772 poenum
962 3721 979 3758 u
1005 3705 1055 3757 diis
1081 3711 1224 3757 veutursm·
1259 3700 1336 3753 Haec

314 3796 446 3853 hactenus.
483 3799 565 3853 Vides
583 3804 662 3855 etium
685 3802 761 3859 huius
785 3807 884 3873 elegire
908 3822 1033 3859 summum
1052 3807 1078 3859 iu
1096 3808 1204 3874 quernis
1229 3802 1336 3868 sensti,

312 3905 391 3967 stqne
409 3901 435 3954 id
453 3917 533 3968 cgere
550 3909 655 3971 poetam
673 3905 832 3971 grossissimis
850 3911 877 3957 et
897 3905 1053 3959 mollissimis
1076 3906 1179 3973 verbis,
1208 3912 1237 3958 ut
1256 3920 1334 3971 quom

313 4000 424 4052 maxime
448 4009 610 4053 communest
635 4004 775 4071 flectetque
798 4003 891 4056 durum
916 4005 1030 4058 suimum
1056 4005 1187 4060 Nemesis.
1229 4006 1335 4072 inquo

311 4102 482 4169 contemplari
508 4102 606 4156 innubit
633 4119 684 4172 quc
716 4105 869 4172 grudstioue
898 4122 983 4159 rerum
1012 4113 1116 4173 ututur,
1149 4112 1176 4160 et
1202 4105 1336 4175 quomodo
