3009 4725
328 390 369 446 52
565 387 844 456 COMMENTAR.
865 392 912 456 IN
933 392 1105 459 TIBULLI

328 573 443 643 opponit
480 575 593 628 Vossius
618 589 669 628 uon
694 574 856 629 attendisse
874 591 1015 645 pronomen
1033 576 1089 648 ipse
1108 580 1135 632 iu
1154 584 1282 656 principio
1300 605 1343 643 se-

329 671 406 724 cundi
424 673 488 738 ioci,
511 680 542 727 ut
558 673 764 743 elreumseriptio
782 674 838 727 eins
857 676 980 728 ostendit.
1022 677 1092 730 Seue
1109 683 1182 732 reete
1198 682 1292 749 etquis
1310 686 1343 738 de

327 786 357 824 se
374 771 444 839 loqui
464 777 552 840 potest
569 772 620 826 iter
646 772 759 828 Ferreus
776 773 826 828 suit
842 773 899 842 irie,
918 777 962 842 qui
981 782 1008 828 te
1025 776 1148 830 deseruit·
1192 779 1294 834 Utinsns
1316 785 1342 836 iu

327 875 459 938 posterum
485 885 613 937 uunquam
637 877 663 924 te
688 886 799 924 ceream.
841 871 940 924 Confer
963 872 1040 925 ruodo
1066 874 1133 928 infru
1156 875 1190 942 ii,
1217 882 1243 943 6,
1270 884 1339 932 1·9.

327 968 403 1023 Nune
426 976 514 1023 sutem
538 969 668 1039 oppositio
686 968 865 1036 pronominum
888 966 935 1019 iile
958 996 994 1007 -
1011 969 1068 1041 ipse
1093 970 1209 1027 hebetur.
1253 976 1342 1031 Quare

327 1070 395 1136 quod
415 1071 527 1124 Vosssus
545 1069 578 1122 sd
596 1070 732 1123 mulierum
750 1068 872 1122 iudicium
890 1077 1025 1138 provocet,
1042 1069 1246 1127 hermeneutices
1263 1090 1340 1141 regu-

328 1172 366 1223 ies
392 1186 443 1239 ego
467 1171 528 1223 siris
555 1169 638 1222 doctis
663 1171 756 1222 melius
780 1170 898 1236 eoguitrs
922 1177 997 1239 puto.
1033 1170 1093 1226 Nou
1111 1175 1194 1241 magis
1211 1189 1272 1227 reru
1291 1176 1341 1229 siis

327 1272 413 1342 opinio
431 1271 546 1324 Hurssso
564 1269 675 1322 maxime
694 1270 811 1337 prebete,
828 1271 986 1337 generaliter
1003 1273 1073 1339 loqui
1092 1281 1204 1341 poetam,
1228 1275 1339 1329 ferreum

330 1388 387 1430 esse
404 1371 448 1438 qui
463 1369 563 1426 Delium
581 1369 703 1434 deserere
722 1371 786 1423 velit
802 1369 926 1439 possitve,
942 1386 992 1426 nse
1010 1372 1044 1429 de
1061 1381 1135 1428 certo
1153 1374 1256 1430 bomine
1274 1391 1340 1444 quo-

325 1471 384 1525 dem
402 1471 453 1538 egi.
490 1470 557 1522 Cum
576 1470 643 1523 enim
660 1470 741 1523 serbe
759 1475 853 1538 poetse
870 1471 937 1525 sinte
964 1470 1075 1543 ferreus
1100 1473 1146 1525 ille
1164 1472 1241 1545 suit,
1267 1474 1341 1529 rides

325 1572 380 1641 ipse
397 1570 431 1624 de
449 1570 517 1625 iucts
534 1586 564 1624 re
581 1572 650 1638 ioqui
669 1587 744 1637 eum,
771 1587 940 1630 nemeaeum
966 1579 1064 1627 temere
1081 1573 1161 1626 minui
1179 1573 1340 1642 prseeierom

323 1672 376 1726 viss
396 1672 462 1736 looi‘,
489 1686 537 1741 pro
552 1685 623 1726 ¹rere
648 1686 677 1724 re
695 1671 837 1725 substitute
854 1674 923 1726 tictr.
965 1673 1050 1740 Igitur
1074 1678 1162 1727 certus
1183 1670 1261 1726 bomo
1285 1672 1341 1726 tuit.

323 1768 400 1822 Hune
417 1783 480 1822 vero
498 1784 549 1836 ego
573 1784 700 1838 nuperum
724 1775 868 1824 onustorum
893 1770 973 1823 inisse
997 1770 1093 1838 eredo,
1119 1770 1341 1840 repressionem,

322 1868 368 1922 sed
385 1868 486 1933 ducens,
504 1867 537 1922 ‹ie
555 1884 607 1937 qno
626 1884 687 1923 mox
703 1869 799 1926 dicem.
820 1898 856 1912 -
875 1872 909 1925 V·
929 1875 972 1926 oo.
991 1869 1164 1926 metuerit.
1200 1872 1341 1940 Perpetem

322 1967 483 2021 Hssessrsus
500 1981 534 2019 es
552 1982 604 2021 uno
621 1968 687 2021 iibro
705 1966 842 2020 molossus
859 1969 969 2037 probet,
992 1969 1061 2038 quod
1079 1969 1204 2038 posteriori
1221 1969 1341 2037 opinetur

321 2068 474 2136 imperfecto
494 2075 594 2135 posset.
629 2067 661 2119 lu
685 2082 737 2134 quo
761 2066 867 2120 iuiiitnr.
903 2065 946 2119 Tu
970 2065 1033 2119 iiiud
1058 2067 1144 2135 potius
1165 2065 1268 2118 uotubis
1289 2079 1339 2133 pro

322 2167 453 2221 obstructo
472 2164 702 2242 generedicendi:
722 2164 822 2218 terreus
839 2165 903 2229 tuit,
921 2165 965 2231 qui
983 2178 1042 2217 essu
1060 2165 1187 2232 potuerit,
1206 2163 1338 2230 metuerit,

322 2263 430 2334 pulchre
452 2272 543 2333 posset
568 2264 726 2332 praelatum,
752 2267 783 2314 ut
806 2261 958 2314 nsmtionis
976 2259 1091 2328 rigorem
1109 2247 1226 2314 nuberet*
1241 2262 1335 2316 orstio.

321 2365 418 2418 Similis
435 2366 553 2419 iunctura
571 2361 638 2417 iuius
651 2364 699 2429 lv,
718 2367 743 2429 1,
761 2367 813 2416 bor
836 2359 940 2414 Vixen't
959 2359 1006 2413 tib
1024 2377 1105 2415 senex
1123 2361 1254 2435 quamvis,
1273 2361 1337 2415 dum

320 2462 398 2513 terna
418 2479 469 2531 per
491 2458 579 2513 orbem
601 2460 718 2513 Saecula
736 2455 880 2532 fertilibus
902 2457 988 2511 Τίιαιι
1006 2459 1158 2513 decurreret
1178 2459 1266 2520 boris,
1292 2461 1338 2515 ubi

319 2560 437 2615 similiter
454 2559 601 2613 decurrerit
619 2561 717 2614 meruit
734 2558 912 2624 florentius,
940 2564 1083 2627 praeeunte
1101 2556 1338 2625 Wonuuunsesrso,

320 2660 396 2713 mele.
432 2661 525 2715 Psnito
542 2667 603 2731 post
626 2663 722 2716 ibidem
750 2677 776 2716 r.
796 2665 840 2719 65.
865 2660 957 2714 eedem
978 2660 1138 2715 constructio
1162 2658 1244 2714 refflts
1270 2659 1338 2729 Quis

319 2777 456 2831 nunquam
473 2760 602 2813 candente
621 2759 678 2811 dies
696 2760 827 2829 apparuit
845 2767 922 2823 ortu,
941 2774 988 2811 sess
1007 2773 1092 2827 supra
1110 2765 1198 2810 serras
1214 2752 1337 2808 Phoebus

318 2875 365 2911 seu
385 2866 503 2910 curreret
520 2855 606 2926 infra.
617 2882 652 2895 -
671 2857 702 2909 V.
722 2859 767 2908 69.
785 2861 981 2935 egotpute,
998 2858 1082 2911 Vsus.
1101 2856 1200 2924 Georg.
1215 2852 1336 2921 lituos

319 2957 353 3010 ei.
375 2956 545 3010 Snnrnssuss
570 2954 597 3006 iu
620 2950 744 3006 Bibliotb.
772 2953 829 3006 erit.
854 2954 902 3020 111,
928 2971 955 3023 p.
974 2958 1018 3010 68.
1061 2955 1102 3010 De
1119 2952 1242 3010 bistonios
1260 2969 1290 3009 re
1306 2959 1336 3007 ut
1369 3024 1375 3031 .

318 3056 417 3117 diceus,
442 3071 501 3109 eum
517 3053 567 3107 boe
585 3068 688 3107 estrueu
710 3058 772 3105 snte
795 3053 908 3108 reditum
926 3054 1058 3112 Messsise
1074 3056 1200 3126 mriptum
1217 3056 1267 3121 sit,
1292 3056 1337 3122 qui

318 3172 377 3212 cum
397 3155 464 3225 epod
483 3128 616 3206 Orientem
634 3150 798 3219 uersaretur,
819 3153 896 3206 etism
914 3154 941 3206 iu
958 3152 1050 3210 Cilicis
1069 3153 1167 3207 betium
1185 3153 1283 3219 gessit,
1301 3151 1335 3205 ei.

316 3259 338 3324 Ι,
353 3264 379 3323 t,
398 3261 450 3323 itt,
467 3255 501 3308 sd
519 3252 568 3307 hoe
585 3254 737 3311 referendus
755 3254 858 3308 ridetur
876 3256 958 3311 loeus.
994 3256 1108 3309 Aiistum
1125 3259 1176 3308 est»
1185 3253 1350 3311 bellicosum·

316 3357 428 3409 musione
447 3360 473 3408 et
491 3353 590 3407 domitu
616 3351 747 3406 diffleiiem
772 3353 854 3409 eosne
876 3352 944 3407 hune
968 3338 1110 3423 poprium}
1137 3358 1169 3406 ut
1183 3351 1261 3405 etism
1278 3350 1346 3425 siue·

316 3460 438 3520 respectu
456 3455 488 3507 sd
508 3455 637 3508 Messalae
655 3454 847 3523 expeditiorem
864 3469 913 3522 pro
931 3454 1053 3522 exempto
1068 3450 1265 3505 uommemorsri
1284 3463 1334 3517 po·
1428 3498 1432 3507 .

316 3550 405 3602 tuerit.
441 3550 506 3603 Mihi
524 3555 636 3606 maxime
653 3551 773 3621 displicet
791 3566 823 3605 ee
840 3551 916 3614 rotie,
929 3563 996 3616 quse
1009 3556 1063 3619 pto
1075 3548 1145 3615 ¹seris
1160 3547 1220 3600 fletu
1235 3538 1341 3615 ubique

314 3645 472 3701 substituere
490 3653 588 3715 tentet,
606 3665 659 3718 quo
676 3649 737 3704 nibil
756 3649 838 3716 magis
855 3649 967 3701 mutirem
985 3646 1038 3701 sim
1056 3628 1131 3701 buius
1149 3650 1262 3716 poeseos
1279 3647 1334 3702 dis-

316 3744 403 3801 soirit
440 3746 481 3800 De
498 3734 561 3800 nero
578 3747 649 3801 beiio
666 3748 738 3815 ioqui
756 3752 861 3813 poetnur
883 3761 916 3800 ne
939 3746 1045 3815 dubitus
1070 3744 1130 3802 uisu
1148 3762 1196 3817 pro
1214 3748 1335 3821 exemplo

314 3851 393 3906 etism
412 3848 504 3905 meiius
522 3849 566 3903 eiii
585 3849 702 3904 bellicosi
720 3846 1267 3921 popuiiuomiusripotersut‚ut1’sstbt.
1286 3848 1335 3902 Gi-

312 3950 377 4003 lices
393 3956 423 4002 ut
439 3950 583 4004 nominaret
599 3964 651 4017 quo
670 3950 727 4003 iure
746 3951 898 4019 negabimus
913 3962 1021 4023 proptor
1038 3951 1135 4007 bellum
1152 3949 1249 4003 fretum
1267 3964 1333 4016 esse,

312 4050 382 4118 quod
399 4050 495 4103 sumne
514 4050 570 4101 istis
589 4048 751 4116 temporibus
770 4066 828 4104 curn
847 4053 879 4106 iis
896 4050 1021 4121 gummi
1056 4048 1142 4107 Porro
1160 4049 1281 4103 existimo
1299 4047 1332 4101 de

312 4146 378 4200 duee
398 4148 469 4214 loqui
488 4152 606 4215 poetsm3
632 4144 764 4212 quomodo
783 4148 850 4203 enirn
869 4149 933 4205 bueo
952 4149 1046 4205 verbus
1071 4157 1140 4221 agar
1158 4154 1222 4202 ante
1240 4136 1351 4198 φημ’
