3009 4725
583 388 611 448 T
612 385 767 452 IBULLI.
1126 416 1179 458 m

150 577 345 648 mortemque
366 573 621 646 praematuram,
639 559 780 626 hebeudi
806 563 972 648 cupiditate
993 569 1179 647 arcessitam,

150 691 178 740 et
206 679 393 742 felicitatem
425 678 559 741 rusticae
587 676 672 740 ritae
700 677 735 738 iu
764 699 841 760 pace
871 686 973 758 actae,
1005 683 1178 766 nititurque

150 801 215 852 tota
238 793 330 854 usius
353 792 474 873 elegiae
502 793 550 856 ris
575 792 634 854 hac
656 791 864 875 oppositione.
914 793 1035 857 Similia
1055 796 1089 856 in
1110 797 1178 860 eliis

157 905 354 985 sequentium
370 909 542 986 elegiarum
562 902 679 968 rideas.
720 904 803 967 Nem
819 927 915 969 cerm.
931 910 954 985 1,
974 914 1003 971 1.
1021 930 1090 971 cum
1109 912 1178 973 uol-

160 1018 205 1077 iet
223 1019 387 1081 Messalam
407 1019 440 1080 iu
460 1022 580 1082 bellum
601 1019 761 1080 Actiacum
785 1021 942 1100 comitari,
970 1023 1015 1087 sic
1041 1022 1178 1087 orditur:

247 1132 381 1196 Divitias
400 1135 477 1196 alius
498 1135 588 1196 fulvo
611 1132 671 1195 sibi
694 1148 949 1214 congemuere,

289 1249 329 1310 Et
348 1262 453 1314 teneat
473 1251 550 1312 culti
570 1251 679 1330 iugera
699 1252 800 1313 multa
820 1253 887 1328 soli,

243 1360 346 1439 Quem
365 1368 457 1429 labor
478 1364 622 1428 assiduus
643 1366 748 1431 ricino
770 1379 885 1430 terreat
905 1369 1004 1446 hoste,

283 1480 401 1543 Martia
420 1483 473 1544 cui
494 1503 623 1545 somnos
646 1482 772 1545 classica
793 1486 884 1566 pulsa
907 1486 1032 1565 fugent:

240 1598 296 1660 Me
317 1618 388 1660 mea
408 1613 575 1682 paupertas
596 1601 679 1663 ritae
700 1599 843 1663 traducet
862 1602 965 1679 inerti,

287 1714 377 1775 Dum
395 1735 482 1776 meus
503 1714 629 1779 assiduo
650 1717 754 1779 luceat
774 1715 855 1795 igne·
867 1717 966 1778 focus.

167 1826 214 1886 Ac
241 1839 383 1888 versatur
411 1829 502 1889 etiam
526 1829 585 1891 ista
613 1829 711 1909 elegia
737 1849 838 1913 urque
868 1828 908 1892 ad
935 1831 1029 1892 finem
1055 1830 1089 1892 in
1121 1830 1178 1890 hac

162 1938 370 2020 oppositione
388 1938 574 2004 illustranda.
613 1942 738 2006 Deinde
761 1964 832 2003 cum
854 1944 890 2004 iu
911 1942 1050 2024 Corcyra
1073 1962 1180 2019 aegro·

160 2068 255 2133 taret,
285 2056 349 2118 elio
369 2055 466 2119 modo
486 2059 629 2139 significat
649 2058 733 2123 idem
754 2060 779 2134 I,
803 2064 841 2133 3.,
864 2076 998 2118 aureum
1014 2054 1182 2132 saeculum,

160 2172 213 2232 ubi
241 2191 309 2234 non
341 2173 456 2234 bellum
486 2193 543 2235 nec
572 2151 710 2235 habendi
739 2169 893 2253 cupiditas
923 2181 1005 2244 eret,
1040 2163 1182 2244 laudans,

161 2282 234 2345 dum
257 2286 318 2347 ssssi
341 2283 477 2348 reditum
505 2285 545 2347 ad
572 2286 692 2370 patrios
716 2284 815 2348 Lares
843 2298 1000 2368 precatur.
1047 2284 1089 2345 Et
1112 2284 1181 2346 iure

164 2398 288 2482 quidem
306 2403 521 2466 haecomnia.
564 2401 667 2479 Quam
689 2403 780 2467 iuvat
800 2402 886 2467 domi
910 2403 1129 2465 insecuritate
1151 2412 1182 2462 et

164 2518 228 2580 otio
247 2519 351 2582 rivere
369 2520 544 2601 composito
565 2521 683 2585 laetum
703 2540 826 2597 acervo,
846 2520 903 2581 ubi
915 2520 984 2580 Pax
1001 2539 1076 2583 arra
1092 2512 1181 2579 colit!

588 2635 658 2696 Pax
680 2630 812 2696 candida
831 2633 969 2715 primum
1048 2632 1050 2639 ⁴

290 2748 395 2810 Duxit
411 2760 556 2811 araturos
578 2752 637 2811 sub
661 2749 734 2829 iuge
753 2746 859 2831 pande
883 2750 989 2825 boves,

250 2860 320 2923 Pax
341 2864 415 2926 aluit
434 2865 513 2927 riter
536 2875 568 2925 et
587 2883 697 2927 succos
721 2859 861 2927 condidit
883 2879 972 2933 uvae,

290 2976 448 3042 Funderet
471 2993 507 3043 ut
528 2992 603 3045 nuto
625 2992 703 3044 teste
725 2993 860 3079 paterna
878 2994 1018 3039 merum:

245 3096 328 3159 Pace
346 3095 456 3158 bidens
477 3117 651 3180 vomerque
670 3099 789 3180 vigent,
810 3111 842 3160 et
862 3095 963 3159 tristia
984 3090 1057 3156 duri

289 3212 401 3275 Militis
420 3214 455 3275 in
478 3215 614 3276 tmebris
639 3227 771 3296 occupat
794 3234 882 3276 arma
903 3210 989 3288 situs,

246 3326 395 3389 Rusticus
415 3348 434 3388 e
456 3329 593 3410 lucoque
613 3328 709 3405 vehit,
728 3329 810 3389 male
829 3326 955 3391 sobrius
976 3325 1053 3406 ipse,

290 3439 434 3504 Uxorem
455 3442 597 3523 plaustro
618 3443 862 3523 progeniemque
884 3437 1023 3502 domum.

163 3556 313 3638 Denique
346 3557 421 3619 hine
456 3568 503 3618 est
538 3556 625 3641 quod
652 3558 746 3620 Musa
776 3555 894 3619 Tibulli
929 3555 1020 3617 etiem
1052 3549 1085 3611 in
1120 3549 1186 3610 bel-

162 3672 223 3734 lico
247 3684 280 3735 ct
301 3673 432 3753 politico
458 3687 644 3754 argumento
672 3673 712 3737 ud
734 3673 852 3735 ruralia
879 3683 910 3733 et
932 3650 1114 3751 pacatarum
1135 3684 1187 3724 re·

163 3805 234 3847 rum
257 3784 483 3870 descriptiones
503 3790 632 3864 tranet,
653 3799 690 3849 ut
710 3787 787 3866 eleg.
806 3786 830 3862 l,
852 3792 882 3846 7.
906 3795 937 3844 et
957 3782 997 3860 11,
1019 3785 1050 3843 5.
1071 3778 1188 3843 factum

162 3902 355 3965 suavissime.
404 3901 489 3967 Setis
516 3900 555 3965 de
582 3903 643 3967 his.
688 3903 728 3966 Et
756 3920 841 3964 nunc
870 3897 1007 3961 dixirnus
1034 3902 1188 3978 qtrautum

163 4028 243 4093 opus
271 4010 312 4075 de
335 4017 453 4080 metica
471 4037 583 4081 rerum
604 4029 693 4099 parte
723 4015 805 4098 opud
831 4004 1003 4079 Tibullum.
1054 4008 1106 4071 Est
1124 4012 1190 4067 sirn-

164 4127 272 4203 Vlfciisst
285 4150 378 4194 aurea
396 4144 425 4194 d
440 4134 540 4195 hilaris
555 4132 743 4213 hanqut'itias
759 4135 831 4191 t‘iiae
848 4133 977 4202 rusticae,
1002 4147 1056 4206 quo
1075 4124 1190 4184 redeunt
