3009 4725
492 291 603 362 Lffllt.
624 293 666 360 11.
707 295 831 363 ELEG.
851 297 908 362 VI.
1140 306 1201 363 tos

182 485 237 537 bitn
255 479 296 534 sni
315 476 392 546 plane
409 469 527 525 dissimili
547 471 611 540 fingi
629 470 710 525 debet
728 469 860 525 inoedens.
905 474 990 528 Geret
1009 475 1090 543 igitur
1107 473 1203 545 phare·

181 591 247 638 tram
272 584 300 632 et
322 589 414 630 arsum
438 588 515 626 snum
540 577 571 624 nt
595 586 643 641 par
668 576 723 635 est,
750 578 778 624 et
798 585 866 640 qnae
891 571 931 627 his
948 576 1103 628 eonvenbtnt
1120 591 1202 630 arma.

182 682 270 738 Quare
287 691 339 729 non
357 674 433 728 dabis
451 672 476 725 ei
495 678 599 724 rentum
618 676 646 723 et
670 669 768 739 pilum,
786 678 816 725 at
834 673 952 740 galeam,
974 689 1061 728 ensem
1080 675 1203 728 leviorem

181 784 209 830 et
226 789 348 846 parmam.
385 772 427 825 Ita
451 770 533 837 igitar
557 769 613 823 fere
636 767 684 823 tihi
711 782 766 822 rem
792 770 872 838 tinge.
908 774 993 826 (ieret
1011 772 1202 843 pharetramin

181 875 304 938 bomin,
321 881 464 940 appensam
482 868 540 921 loro
558 882 592 921 ex
611 868 695 934 eobo,
713 875 743 921 nt
761 869 943 926 Paoennsrns
960 873 994 928 de
1012 874 1142 944 Cupidine
1159 876 1202 929 di·

182 972 218 1026 eit
241 971 277 1037 ll,
303 970 416 1033 1210:
447 974 477 1017 st
501 964 637 1035 pharetra
661 982 695 1016 se·
722 964 834 1020 humero
859 971 960 1022 Gnosia
982 981 1097 1046 utroque
1122 975 1203 1028 iacet.

183 1072 268 1123 (ieret
286 1074 423 1138 praeterea
441 1067 543 1134 galeam
562 1066 589 1118 in
616 1072 723 1133 pectore
750 1066 905 1135 pendentem
925 1077 952 1124 et
970 1087 1058 1126 ensem
1075 1074 1102 1127 in
1120 1076 1203 1129 intere

182 1173 270 1225 haiteo
287 1174 441 1223 sustentem.
479 1167 553 1221 Haeo
570 1167 652 1233 igitur
672 1168 742 1220 eobo
761 1170 847 1236 gerit3
875 1171 937 1224 noio
953 1171 1051 1227 addere
1068 1189 1135 1242 qnae
1152 1175 1202 1231 bn·

184 1285 257 1325 mero
277 1267 471 1323 sustinebantur
491 1283 508 1319 a
526 1266 647 1320 Romano
669 1266 768 1332 milite,
785 1269 868 1321 vatins
886 1274 914 1322 et
932 1273 1055 1326 sarcines.
1091 1279 1126 1329 At
1148 1294 1206 1332 ma·

184 1388 232 1425 nes
249 1371 353 1425 sinistra
374 1383 463 1421 arcum
489 1365 557 1420 ieret
576 1371 604 1419 et
626 1364 763 1418 brachium
786 1366 924 1421 metuente
949 1385 1073 1439 parmam.
1118 1374 1205 1429 Lusus

185 1472 226 1526 bie
241 1477 281 1525 est
298 1469 455 1540 phantasiae,
472 1467 520 1521 sed
537 1472 624 1521 tamen
644 1466 724 1519 etiam
742 1467 816 1522 lusns
833 1469 894 1523 talis
911 1470 998 1538 legem
1016 1482 1113 1530 centnm
1131 1479 1206 1547 seqni

184 1572 281 1638 debet3
304 1572 348 1624 lex
365 1585 428 1622 vero
446 1583 514 1622 nuno
531 1575 573 1621 est
589 1583 652 1622 nans
670 1570 790 1623 militaris
807 1584 881 1623 arma
898 1569 999 1626 serendi
1017 1574 1042 1626 in
1062 1577 1155 1631 itinere
1171 1579 1204 1646 is,

187 1688 264 1742 quem
289 1671 373 1724 diseas
398 1685 414 1723 e
440 1669 559 1722 columna
580 1669 694 1723 Traiana
718 1686 761 1738 ap.
787 1669 905 1724 Lsrsnnn
923 1672 957 1726 de
981 1674 1056 1728 Milit.
1074 1676 1152 1730 Rom.
1170 1677 1204 1744 V,
1315 1729 1317 1732 ,

186 1776 229 1838 11,
247 1789 273 1840 p.
295 1773 409 1824 102.-
436 1768 561 1835 eosq,
590 1769 693 1836 ionga
719 1774 840 1822 terrae
864 1770 931 1836 via,
959 1772 1050 1825 itinere
1069 1778 1205 1830 terrestria

188 1872 319 1939 legionum
343 1871 369 1922 in
388 1873 500 1922 remotas
519 1867 680 1935 provincias,
707 1867 741 1920 si.
760 1868 986 1923 Msrsonennson.
1004 1872 1036 1923 ed
1056 1872 1148 1926 Horat.
1166 1873 1203 1940 11,

186 1975 214 2037 6,
232 1977 258 2023 7.
277 1997 313 2009 -
340 1984 429 2035 vaga
453 1981 621 2035 aequora,
649 1975 679 2020 nt
706 1983 795 2038 vagus
814 1977 917 2037 pontus
937 1969 1202 2042 11,e,³e.eompa-

185 2074 259 2121 rante
277 2068 513 2121 Wnsnsanronro.
548 2065 600 2118 Est
623 2066 691 2118 enim
714 2064 848 2133 epitheton
875 2067 1025 2122 admotum
1048 2081 1202 2140 perpetuum

188 2169 310 2221 tinetnnm
338 2173 366 2220 et
389 2167 504 2236 pericula
531 2165 611 2217 maris
637 2163 811 2246 referendum.
849 2168 955 2221 Abienus
983 2186 1045 2224 vero
1074 2179 1151 2225 naute
1178 2191 1200 2228 s.

185 2277 313 2324 mercator
331 2286 419 2339 vagus
436 2268 470 2321 ab
488 2267 606 2321 namo
627 2274 655 2320 et
676 2268 820 2323 Hnsontro
839 2280 1012 2341 comparatus.
1031 2302 1066 2313 -
1094 2277 1132 2329 ad
1158 2279 1203 2330 is-

185 2371 330 2434 tenire,
355 2373 386 2418 nt
410 2367 552 2419 commilito
579 2374 606 2421 et
631 2370 718 2420 soeius
743 2370 852 2423 itineris.
870 2401 906 2412 -
941 2375 973 2427 V.
991 2380 1009 2428 6
1027 2392 1083 2444 sqq.
1119 2377 1202 2430 Immo

187 2484 250 2521 vero
268 2482 326 2519 eum
344 2480 394 2518 una
410 2466 450 2517 ire
468 2471 495 2516 et
516 2463 584 2517 terre
602 2465 705 2518 iabores
728 2467 794 2519 istos
816 2482 869 2520 non
894 2473 994 2537 possis,
1019 2472 1123 2527 retrahe
1143 2476 1202 2529 bia-

188 2582 261 2621 orurn
287 2570 313 2617 et
338 2578 431 2616 revoca
455 2576 489 2614 ex
515 2563 614 2617 militia.
633 2592 667 2604 -
697 2566 764 2619 Ure
788 2564 821 2618 de
847 2568 963 2620 cruciatu
981 2576 1009 2620 et
1026 2587 1111 2638 poene
1131 2578 1203 2629 noei-

192 2663 314 2734 piendnm
339 2669 369 2714 nt
392 2661 414 2726 Ι,
432 2665 459 2726 9,
476 2665 520 2712 21.
557 2662 629 2714 otia
655 2669 725 2728 tus,
752 2663 831 2716 vitam
855 2664 962 2718 tiberem
985 2667 1115 2722 laboribus
1141 2674 1204 2728 hetti

188 2766 259 2818 etin
277 2778 365 2817 amore
383 2769 522 2831 peractam.
552 2762 661 2831 ierus,
679 2764 738 2819 he.
757 2767 801 2832 qni
819 2742 931 2818 animum
950 2767 1095 2821 obfirmavit
1115 2778 1142 2822 et
1161 2774 1204 2825 in-

188 2866 291 2918 duravit
308 2864 431 2917 adversus
448 2864 498 2915 vim
514 2865 626 2932 amoris,
652 2874 682 2920 ut
699 2883 758 2920 enm
778 2867 1004 2921 Wonnnnntonro
1023 2870 1122 2935 loquar.
1159 2870 1202 2923 Cf.

187 2965 208 3030 1,
226 2970 252 3030 5,
271 2968 296 3015 5.
315 2990 351 3002 -·
379 2978 457 3015 erro
475 2968 514 3014 est
532 2965 575 3030 qni
594 2980 609 3016 a
634 2965 732 3031 signis,
761 2966 810 3018 snb
828 2966 921 3033 quibus
940 2967 1047 3031 militat,
1072 2966 1203 3019 discessit.

186 3063 269 3128 Signa
292 3068 377 3116 autem
402 3061 504 3115 Amoris
528 3061 592 3116 dicit
617 3066 747 3129 suaviter,
774 3061 838 3118 haee
861 3066 1014 3118 militaribus
1034 3066 1095 3120 beiti
1121 3066 1204 3135 signis

186 3176 328 3231 opponens.
365 3164 403 3215 Ae
421 3168 482 3215 nota
499 3161 651 3233 metaphora
673 3165 781 3218 miiitiae
806 3165 949 3219 amatoriae
967 3167 989 3232 Ι,
1008 3170 1032 3233 1,
1050 3171 1095 3221 76.
1123 3168 1158 3234 11,
1175 3173 1203 3234 8,

185 3263 229 3313 et.
249 3287 285 3301 —-
316 3262 414 3320 Quod
436 3263 465 3315 si
493 3276 629 3330 parces,
659 3262 752 3329 quodsi
778 3262 866 3316 videro
891 3269 919 3316 te
947 3280 1055 3332 parcere
1072 3267 1204 3322 militibus.

186 3361 259 3431 Ergo
282 3371 355 3416 recte
378 3361 456 3415 habet
482 3362 598 3415 intnrnm
624 3364 749 3432 simplex,
778 3363 847 3430 qnod
871 3364 1060 3418 Psrsnunrns
1084 3367 1152 3420 male
1177 3368 1204 3419 in

182 3462 272 3528 persis
291 3478 331 3530 pr.
350 3460 501 3532 peperceris
519 3459 651 3526 mutabat,
670 3462 787 3513 Vosssns
806 3463 831 3514 in
849 3478 960 3532 porcas.
998 3466 1120 3520 Ceterum
1140 3482 1205 3520 cave

185 3576 263 3628 supra
283 3564 360 3616 etiam
379 3563 506 3617 ducent
525 3577 564 3629 pr.
584 3561 710 3612 duxerint
728 3562 849 3630 recipias.
894 3564 963 3617 Sunt
982 3567 1059 3619 etiem
1077 3567 1113 3618 ibi
1131 3566 1203 3632 paria

185 3662 301 3722 tempora
319 3667 391 3712 reete
408 3664 510 3730 posita,
527 3660 654 3728 siqnidem
672 3660 736 3712 deus
756 3661 922 3714 comitabitur
941 3663 1060 3717 Macrum
1080 3663 1142 3714 dnm
1160 3660 1202 3712 hio

185 3750 239 3801 ibit.
257 3779 293 3791 -
317 3758 382 3810 biox
402 3758 453 3813 hie
471 3767 512 3814 est
529 3777 588 3827 ego,
605 3768 638 3829 pt
654 3776 741 3829 saepe.
769 3762 853 3817 b'sne.
872 3764 938 3814 Aen.
956 3762 1005 3827 lx,
1023 3766 1085 3814 2⁰⁶.
1122 3761 1204 3812 Plura

188 3852 313 3906 Vnenms
330 3859 426 3911 ettubt.
462 3860 518 3913 Res
536 3870 607 3915 nota.
627 3889 661 3901 -
689 3862 770 3933 lpse
788 3866 890 3935 geben
914 3861 972 3928 qni
996 3860 1064 3912 sibi
1086 3866 1205 3928 portet

183 3969 318 4021 aquam,
346 3956 370 4012 h.
390 3974 414 4012 e.
433 3965 570 4026 gregarius
589 3965 672 4018 miles.
708 3966 782 4025 Melo
800 3973 827 4022 et
845 3966 917 4034 ipse,
936 3961 989 4025 ait,
1007 3961 1049 4011 vet
1067 3963 1205 4027 gregorios

183 4055 257 4108 mites
276 4053 342 4120 fieri,
360 4058 382 4108 si
402 4056 452 4110 hoe
470 4060 547 4113 modo
566 4066 669 4120 Amoris
686 4070 738 4130 vim
758 4078 877 4145 effugere
897 4064 965 4117 iicet.
1002 4058 1101 4114 Gaieee
1119 4066 1207 4117 antem
