3009 4725
298 385 338 438 86
536 377 818 446 COMMENTAR.
839 384 884 447 ΙΝ
906 386 1081 451 'l'lBULLl
1174 454 1177 460 .

566 739 907 813 ELEGIA
980 744 1043 813 lv.

700 992 906 1003 m

654 1203 959 1271 INTRODUCTIO.

296 1420 464 1521 Tibullum,
490 1472 542 1524 quo
567 1461 685 1524 tempore
709 1453 810 1507 Deliam
833 1453 950 1519 nmnbat,
976 1455 1033 1507 eliis
1060 1470 1165 1507 ramese
1184 1454 1314 1507 amoribus

300 1555 405 1608 minime
422 1554 557 1622 probabile
582 1561 636 1617 est3
663 1560 715 1606 tam
741 1552 876 1608 ardentem
901 1555 946 1608 ille
972 1561 1000 1608 et
1024 1563 1188 1610 constantem
1213 1556 1315 1624 puellae

299 1671 363 1710 suae
382 1654 468 1724 prodit
486 1670 600 1708 umorem
617 1660 647 1706 ut
665 1655 783 1707 iniurium
809 1656 833 1706 ei
856 1655 953 1721 incias,
977 1657 1000 1709 si
1025 1654 1074 1709 boc
1098 1664 1215 1726 tempore
1238 1657 1316 1710 alium

298 1752 441 1807 huiuamodi
468 1754 551 1807 iusum
571 1753 605 1807 ab
623 1768 655 1806 eo
674 1753 756 1807 foveri
775 1761 802 1806 et
820 1755 878 1808 ceni
899 1755 1015 1824 potuisse
1039 1754 1145 1822 credes,
1171 1757 1215 1824 qui
1239 1756 1316 1808 etiem

297 1853 323 1905 iu
341 1851 450 1905 discidio
469 1866 519 1903 nou
538 1852 652 1920 potuerit
669 1849 801 1905 dimittere
819 1853 923 1920 puellae
941 1855 1126 1920 cogitationem
1146 1854 1182 1923 (l,
1202 1854 1245 1921 5).
1282 1855 1317 1907 st

297 1957 434 2019 postquam
452 1959 599 2005 cessaverat
620 1952 711 2006 Deliae
730 1968 819 2021 amor,
845 1970 942 2007 vacuus
967 1955 1115 2008 melioribus
1140 1956 1258 2007 sensibus
1282 1955 1315 2007 ad

297 2048 402 2104 frivolas
418 2065 459 2103 rea
477 2050 599 2120 delnpaua
617 2057 672 2118 cst,
697 2057 725 2105 et
742 2059 770 2106 ut
787 2052 853 2106 inl'rn
871 2071 895 2108 v.
914 2056 957 2108 tt.
976 2054 1074 2107 Titium
1093 2056 1183 2120 tingit,
1211 2071 1269 2106 cum
1288 2054 1313 2106 in

298 2150 400 2217 puellae
417 2165 531 2203 amorem
549 2149 683 2215 inciderit,
700 2166 716 2202 a
734 2165 875 2219 puerorum
888 2151 1072 2202 consuetudine
1089 2157 1238 2216 avocntum,
1257 2152 1313 2219 ipse

297 2265 356 2303 conr
374 2250 485 2318 puellum
503 2263 555 2301 nou
574 2247 696 2312 baberet,
713 2248 740 2300 in
759 2247 832 2315 pueri
850 2261 951 2298 amores
968 2247 1071 2312 incidit,
1096 2261 1130 2299 cx
1148 2262 1199 2312 quo
1217 2263 1313 2314 genere

301 2351 351 2403 tria
372 2351 485 2404 earmina
502 2349 596 2405 adsunt
614 2348 728 2418 eleganti
745 2347 858 2401 dictione
876 2347 1022 2416 conspicue.
1058 2345 1124 2399 Nam
1144 2347 1219 2416 plene
1238 2349 1313 2400 lictos

298 2466 356 2504 esre
374 2448 420 2502 bos
438 2466 539 2504 amores
557 2450 661 2502 minime
679 2445 803 2501 credibile
820 2447 847 2499 iu
868 2446 911 2499 tnli
930 2451 1023 2514 poete,
1046 2446 1091 2511 qni
1109 2444 1186 2509 nibil,
1212 2446 1313 2515 opinor,

297 2549 386 2601 fictum
406 2546 439 2601 de
456 2563 485 2601 ae
504 2548 612 2614 cecinit,
630 2546 676 2601 aed
693 2544 742 2598 init
760 2552 863 2613 tempus
880 2545 963 2612 sitae,
980 2543 1051 2612 qnod
1069 2550 1221 2613 argumente
1238 2562 1315 2613 proe-

298 2648 374 2700 beret
393 2645 431 2700 bie
448 2649 549 2716 elegiis.
595 2649 641 2702 Sic
665 2649 692 2701 iu
717 2646 853 2717 proposito
877 2646 991 2701 carmine
1015 2663 1074 2703 cum
1099 2644 1212 2700 binratbi
1235 2648 1315 2715 proti-

299 2757 385 2805 tentnr
401 2766 530 2818 amorem,
548 2751 599 2806 luit
616 2753 641 2806 el
659 2749 727 2805 baud
745 2750 824 2804 dubie
841 2756 897 2803 tum
916 2764 989 2802 amor
1007 2751 1080 2819 pueri
1096 2750 1227 2815 enirmdnm
1245 2749 1315 2802 disfi-

298 2855 372 2922 cilis,
395 2870 448 2922 quo
466 2861 608 2922 occupatore
626 2852 692 2906 hene
710 2859 794 2907 ortem
810 2852 915 2905 amandi
931 2853 1050 2920 scripsit,
1068 2868 1117 2907 uec
1134 2854 1209 2907 nliter
1226 2869 1255 2905 se
1273 2868 1314 2907 res

298 2953 376 3007 habet
393 2954 420 3006 iu
436 2955 538 3007 ceteris.
574 2953 629 3006 Sed
646 2955 751 3006 uomina
769 2967 821 3004 nou
838 2969 975 3019 curemus,
992 2970 1047 3008 rem
1064 2962 1213 3024 spectemus
1231 2957 1314 3009 unice.

299 3056 377 3110 Quod
408 3054 489 3120 igliur
515 3050 678 3118 blnrntbum,
714 3054 759 3119 qui
784 3052 861 3120 Eleg.
884 3050 933 3116 lX,
959 3056 1003 3107 69.
1046 3053 1163 3115 Pholoen
1187 3054 1314 3122 quandem

299 3162 384 3220 emat,
401 3155 498 3221 Cyrum
516 3152 630 3205 nonnulli
646 3159 805 3205 censuerunt
819 3152 990 3205 Horetiauurn
1009 3168 1067 3205 esso
1086 3153 1208 3219 (Honor.
1225 3154 1314 3220 l,³3)‚

299 3252 377 3307 tidem
396 3254 557 3320 denegarunt
574 3249 634 3304 huie
651 3253 818 3309 coniecturae
836 3254 885 3306 iam
904 3255 964 3318 alil3
983 3260 1044 3306 suut
1062 3252 1126 3306 baec
1144 3256 1247 3322 poetica
1264 3270 1315 3307 no-

298 3354 377 3419 mina,
394 3361 424 3407 ut
440 3354 524 3419 Delie,
542 3352 669 3418 Nemesin,
688 3350 809 3419 Cynthio,
831 3358 871 3405 tot
888 3353 947 3408 ulia.
991 3352 1057 3405 Post
1076 3349 1140 3405 boec
1159 3354 1264 3421 propius
1279 3353 1313 3405 nd

299 3459 477 3518 argumentum
495 3456 596 3523 elegiae
613 3455 745 3523 sequentis
761 3453 917 3508 accedimns.
953 3453 1127 3507 Introitus
1144 3454 1176 3507 nd
1191 3455 1313 3521 Priapum

300 3554 349 3612 est,
366 3550 410 3615 qui
425 3550 458 3603 de
470 3555 602 3607 amoribus
617 3570 757 3624 puerorum
773 3555 925 3621 consulitur,
943 3570 994 3621 qun
1008 3554 1109 3608 rn'tione
1123 3552 1240 3621 capiendi
1252 3553 1312 3607 sint.

300 3649 467 3715 Sequitur
484 3653 611 3708 deinde
629 3654 683 3709 dei
703 3656 826 3709 cretio·
860 3658 900 3709 Ac
919 3655 1028 3723 primurn
1044 3654 1085 3708 bic
1101 3654 1223 3720 generale
1236 3668 1314 3721 prue-

299 3755 403 3816 ceptum
421 3750 465 3801 dut
483 3757 513 3803 ut
531 3754 720 3818 perseverentia
738 3754 821 3819 ndsit3
839 3770 917 3822 porse
932 3754 982 3806 etsi
1001 3754 1085 3821 primo
1103 3760 1196 3819 neget,
1215 3751 1316 3804 diutur-

299 3849 371 3901 niore
389 3848 476 3902 studio
494 3850 561 3903 vinci
580 3862 699 3919 puerum,
715 3852 738 3905 si
756 3868 807 3905 nou
825 3851 915 3904 tnrdm
932 3852 968 3903 sis
986 3867 1035 3905 neo
1052 3853 1157 3905 omittes
1175 3850 1315 3918 quidquam

299 3950 368 4014 qnod
395 3959 579 4020 opportunum.
616 3954 716 4008 Deinde
741 3953 775 4006 ad
793 3953 917 4022 specialia
935 3968 1091 4021 progressus
1116 3952 1180 4005 duae
1205 3952 1315 4004 menime

298 4062 340 4098 rcn
358 4052 521 4104 commendat
540 4059 566 4104 ct
586 4052 767 4119 persequitur,
794 4050 946 4117 obsequium
964 4059 992 4103 et
1010 4052 1148 4105 blandities
1167 4051 1316 4111 carminum,

297 4146 401 4200 domitat
420 4167 481 4202 sero
501 4166 616 4215 mutreio,
634 4168 693 4206 oum
709 4151 771 4205 nibil
790 4153 889 4219 turpius
907 4154 941 4205 sit
959 4152 1065 4205 moritis
1086 4165 1233 4218 puerorum.
1271 4146 1315 4199 Fi-
