<?xml version="1.0" encoding="UTF-8"?>
<!DOCTYPE html PUBLIC "-//W3C//DTD XHTML 1.0 Transitional//EN"
    "http://www.w3.org/TR/xhtml1/DTD/xhtml1-transitional.dtd">
<html xmlns="http://www.w3.org/1999/xhtml" xml:lang="en" lang="en">
 <head>
  <title>
</title>
<meta http-equiv="Content-Type" content="text/html;charset=utf-8" />
  <meta name='ocr-system' content='tesseract 3.04.00' />
  <meta name='ocr-capabilities' content='ocr_page ocr_carea ocr_par ocr_line ocrx_word'/>
</head>
<body>
  <div class='ocr_page' id='page_1' title='image "albiitibullicar00unkngoog_0392.png"; bbox 0 0 3009 4725; ppageno 0'>
   <div class='ocr_carea' id='block_1_1' title="bbox 301 400 1080 473">
    <p class='ocr_par' dir='ltr' id='par_1_1' title="bbox 301 400 1080 473">
     <span class='ocr_line' id='line_1_1' title="bbox 301 400 1080 473; baseline 0.018 -15"><span class='ocrx_word' id='word_1_1' title='bbox 301 405 342 458; x_wconf 80' lang='lat'><strong>58</strong></span> <span class='ocrx_word' id='word_1_2' title='bbox 536 400 816 468; x_wconf 82' lang='lat' dir='ltr'><strong>COMMENTAR.</strong></span> <span class='ocrx_word' id='word_1_3' title='bbox 839 406 885 470; x_wconf 90' lang='lat' dir='ltr'><strong>IN</strong></span> <span class='ocrx_word' id='word_1_4' title='bbox 906 407 1080 473; x_wconf 86' lang='lat' dir='ltr'><strong>TlBULLI</strong></span> 
     </span>
    </p>
   </div>
   <div class='ocr_carea' id='block_1_2' title="bbox 373 585 1316 652">
    <p class='ocr_par' dir='ltr' id='par_1_2' title="bbox 373 585 1316 652">
     <span class='ocr_line' id='line_1_2' title="bbox 373 585 1316 652; baseline 0.018 -16"><span class='ocrx_word' id='word_1_5' title='bbox 373 585 404 637; x_wconf 87' lang='lat' dir='ltr'><strong>V.</strong></span> <span class='ocrx_word' id='word_1_6' title='bbox 422 585 520 639; x_wconf 69' lang='lat' dir='ltr'><strong>tib-ed</strong></span> <span class='ocrx_word' id='word_1_7' title='bbox 539 589 625 642; x_wconf 83' lang='lat' dir='ltr'><strong>linem.</strong></span> <span class='ocrx_word' id='word_1_8' title='bbox 661 591 797 648; x_wconf 72' lang='lat' dir='ltr'><strong>Exitus.</strong></span> <span class='ocrx_word' id='word_1_9' title='bbox 831 594 988 649; x_wconf 78' lang='lat' dir='ltr'><strong>Patimur</strong></span> <span class='ocrx_word' id='word_1_10' title='bbox 1012 609 1124 648; x_wconf 88' lang='lat' dir='ltr'><strong>omnes</strong></span> <span class='ocrx_word' id='word_1_11' title='bbox 1150 597 1212 649; x_wconf 84' lang='lat' dir='ltr'><strong>uim</strong></span> <span class='ocrx_word' id='word_1_12' title='bbox 1232 614 1316 652; x_wconf 81' lang='lat' dir='ltr'><strong>amn-</strong></span> 
     </span>
    </p>
   </div>
   <div class='ocr_carea' id='block_1_3' title="bbox 300 682 1328 842">
    <p class='ocr_par' dir='ltr' id='par_1_3' title="bbox 300 682 1328 842">
     <span class='ocr_line' id='line_1_3' title="bbox 301 682 1328 760; baseline 0.019 -28"><span class='ocrx_word' id='word_1_13' title='bbox 301 682 363 746; x_wconf 88' lang='lat' dir='ltr'><strong>ris,</strong></span> <span class='ocrx_word' id='word_1_14' title='bbox 388 697 435 735; x_wconf 85' lang='lat' dir='ltr'><strong>me</strong></span> <span class='ocrx_word' id='word_1_15' title='bbox 453 691 565 738; x_wconf 83' lang='lat' dir='ltr'><strong>eutem</strong></span> <span class='ocrx_word' id='word_1_16' title='bbox 585 687 727 743; x_wconf 79' lang='lat' dir='ltr'><strong>fidelem</strong></span> <span class='ocrx_word' id='word_1_17' title='bbox 746 706 896 758; x_wconf 84' lang='lat' dir='ltr'><strong>serrum,</strong></span> <span class='ocrx_word' id='word_1_18' title='bbox 915 707 931 744; x_wconf 90' lang='lat' dir='ltr'><strong>o</strong></span> <span class='ocrx_word' id='word_1_19' title='bbox 951 694 1077 760; x_wconf 89' lang='lat' dir='ltr'><strong>Venus,</strong></span> <span class='ocrx_word' id='word_1_20' title='bbox 1095 694 1165 747; x_wconf 89' lang='lat' dir='ltr'><strong>noli</strong></span> <span class='ocrx_word' id='word_1_21' title='bbox 1184 695 1328 751; x_wconf 57' lang='lat' dir='ltr'><strong>diutius*</strong></span> 
     </span>
     <span class='ocr_line' id='line_1_4' title="bbox 300 781 711 842; baseline 0.024 -10"><span class='ocrx_word' id='word_1_22' title='bbox 300 781 529 836; x_wconf 77' lang='lat' dir='ltr'><strong>inclementer</strong></span> <span class='ocrx_word' id='word_1_23' title='bbox 547 790 711 842; x_wconf 84' lang='lat' dir='ltr'><strong>tractare.</strong></span> 
     </span>
    </p>
   </div>
   <div class='ocr_carea' id='block_1_4' title="bbox 297 880 1349 1552">
    <p class='ocr_par' dir='ltr' id='par_1_4' title="bbox 297 880 1349 1552">
     <span class='ocr_line' id='line_1_5' title="bbox 372 880 1315 957; baseline 0.012 -26"><span class='ocrx_word' id='word_1_24' title='bbox 372 880 401 931; x_wconf 90' lang='lat' dir='ltr'><strong>V.</strong></span> <span class='ocrx_word' id='word_1_25' title='bbox 421 884 465 934; x_wconf 81' lang='grc'><strong>89.</strong></span> <span class='ocrx_word' id='word_1_26' title='bbox 483 890 517 935; x_wconf 90' lang='lat' dir='ltr'><strong>at</strong></span> <span class='ocrx_word' id='word_1_27' title='bbox 535 890 577 936; x_wconf 88' lang='lat' dir='ltr'><strong>tu.</strong></span> <span class='ocrx_word' id='word_1_28' title='bbox 614 884 663 937; x_wconf 82' lang='lat' dir='ltr'><strong>Est</strong></span> <span class='ocrx_word' id='word_1_29' title='bbox 682 887 858 952; x_wconf 72' lang='lat' dir='ltr'><strong>admonentis,</strong></span> <span class='ocrx_word' id='word_1_30' title='bbox 878 889 1012 954; x_wconf 87' lang='lat' dir='ltr'><strong>minantis,</strong></span> <span class='ocrx_word' id='word_1_31' title='bbox 1030 897 1076 942; x_wconf 92' lang='lat' dir='ltr'><strong>nut</strong></span> <span class='ocrx_word' id='word_1_32' title='bbox 1094 890 1249 956; x_wconf 79' lang='lat' dir='ltr'><strong>indignantis</strong></span> <span class='ocrx_word' id='word_1_33' title='bbox 1267 905 1315 957; x_wconf 89' lang='lat' dir='ltr'><strong>pro</strong></span> 
     </span>
     <span class='ocr_line' id='line_1_6' title="bbox 299 980 1313 1052; baseline 0.011 -23"><span class='ocrx_word' id='word_1_34' title='bbox 299 980 399 1032; x_wconf 82' lang='lat' dir='ltr'><strong>natione</strong></span> <span class='ocrx_word' id='word_1_35' title='bbox 417 981 547 1050; x_wconf 86' lang='lat' dir='ltr'><strong>iocorum,</strong></span> <span class='ocrx_word' id='word_1_36' title='bbox 566 984 598 1036; x_wconf 87' lang='lat' dir='ltr'><strong>ci.</strong></span> <span class='ocrx_word' id='word_1_37' title='bbox 618 984 638 1050; x_wconf 86' lang='lat'><strong>1,</strong></span> <span class='ocrx_word' id='word_1_38' title='bbox 656 990 681 1050; x_wconf 76' lang='lat'><strong>5,</strong></span> <span class='ocrx_word' id='word_1_39' title='bbox 700 990 744 1038; x_wconf 80' lang='grc'><strong>69.</strong></span> <span class='ocrx_word' id='word_1_40' title='bbox 770 986 816 1052; x_wconf 88' lang='lat' dir='ltr'><strong>lv,</strong></span> <span class='ocrx_word' id='word_1_41' title='bbox 835 990 862 1052; x_wconf 76' lang='lat'><strong>2,</strong></span> <span class='ocrx_word' id='word_1_42' title='bbox 881 990 907 1038; x_wconf 83' lang='lat' dir='ltr'><strong>e.</strong></span> <span class='ocrx_word' id='word_1_43' title='bbox 927 993 953 1040; x_wconf 87' lang='lat' dir='ltr'><strong>et</strong></span> <span class='ocrx_word' id='word_1_44' title='bbox 972 987 1064 1042; x_wconf 78' lang='lat' dir='ltr'><strong>Runa.</strong></span> <span class='ocrx_word' id='word_1_45' title='bbox 1083 987 1116 1040; x_wconf 91' lang='lat' dir='ltr'><strong>ad</strong></span> <span class='ocrx_word' id='word_1_46' title='bbox 1134 985 1235 1040; x_wconf 79' lang='lat' dir='ltr'><strong>Autbol.</strong></span> <span class='ocrx_word' id='word_1_47' title='bbox 1255 988 1313 1040; x_wconf 76' lang='lat' dir='ltr'><strong>Lat</strong></span> 
     </span>
     <span class='ocr_line' id='line_1_7' title="bbox 298 1076 1314 1154; baseline 0.007 -24"><span class='ocrx_word' id='word_1_48' title='bbox 298 1076 331 1130; x_wconf 84' lang='grc' dir='ltr'><strong>Τ.</strong></span> <span class='ocrx_word' id='word_1_49' title='bbox 350 1078 384 1130; x_wconf 87' lang='lat'><strong>11.</strong></span> <span class='ocrx_word' id='word_1_50' title='bbox 410 1098 435 1149; x_wconf 93' lang='lat' dir='ltr'><strong>p.</strong></span> <span class='ocrx_word' id='word_1_51' title='bbox 454 1084 517 1136; x_wconf 75' lang='lat'><strong>555.</strong></span> <span class='ocrx_word' id='word_1_52' title='bbox 562 1082 684 1135; x_wconf 87' lang='lat' dir='ltr'><strong>Ceterum</strong></span> <span class='ocrx_word' id='word_1_53' title='bbox 705 1085 831 1146; x_wconf 80' lang='lat' dir='ltr'><strong>Vossius,</strong></span> <span class='ocrx_word' id='word_1_54' title='bbox 858 1099 916 1136; x_wconf 90' lang='lat' dir='ltr'><strong>cnm</strong></span> <span class='ocrx_word' id='word_1_55' title='bbox 943 1085 1057 1138; x_wconf 88' lang='lat' dir='ltr'><strong>ultimam</strong></span> <span class='ocrx_word' id='word_1_56' title='bbox 1077 1091 1176 1154; x_wconf 88' lang='lat' dir='ltr'><strong>partem</strong></span> <span class='ocrx_word' id='word_1_57' title='bbox 1194 1084 1314 1138; x_wconf 78' lang='lat' dir='ltr'><strong>carminis</strong></span> 
     </span>
     <span class='ocr_line' id='line_1_8' title="bbox 298 1180 1315 1251; baseline 0.007 -23"><span class='ocrx_word' id='word_1_58' title='bbox 298 1192 346 1245; x_wconf 93' lang='lat' dir='ltr'><strong>pro</strong></span> <span class='ocrx_word' id='word_1_59' title='bbox 365 1192 432 1232; x_wconf 87' lang='lat' dir='ltr'><strong>novo</strong></span> <span class='ocrx_word' id='word_1_60' title='bbox 450 1180 576 1244; x_wconf 76' lang='lat' dir='ltr'><strong>carmine,</strong></span> <span class='ocrx_word' id='word_1_61' title='bbox 598 1189 627 1232; x_wconf 89' lang='lat' dir='ltr'><strong>ut</strong></span> <span class='ocrx_word' id='word_1_62' title='bbox 644 1182 768 1246; x_wconf 77' lang='lat' dir='ltr'><strong>uidimus,</strong></span> <span class='ocrx_word' id='word_1_63' title='bbox 787 1180 898 1249; x_wconf 85' lang='lat' dir='ltr'><strong>habeat,</strong></span> <span class='ocrx_word' id='word_1_64' title='bbox 916 1182 1056 1236; x_wconf 76' lang='lat' dir='ltr'><strong>Menenium</strong></span> <span class='ocrx_word' id='word_1_65' title='bbox 1075 1184 1212 1251; x_wconf 76' lang='lat' dir='ltr'><strong>intelligit,</strong></span> <span class='ocrx_word' id='word_1_66' title='bbox 1228 1199 1245 1235; x_wconf 88' lang='lat' dir='ltr'><strong>a</strong></span> <span class='ocrx_word' id='word_1_67' title='bbox 1262 1197 1315 1250; x_wconf 88' lang='lat' dir='ltr'><strong>qno</strong></span> 
     </span>
     <span class='ocr_line' id='line_1_9' title="bbox 297 1277 1316 1355; baseline 0.009 -26"><span class='ocrx_word' id='word_1_68' title='bbox 297 1285 374 1346; x_wconf 89' lang='lat' dir='ltr'><strong>poeta</strong></span> <span class='ocrx_word' id='word_1_69' title='bbox 394 1277 432 1332; x_wconf 86' lang='lat' dir='ltr'><strong>bis</strong></span> <span class='ocrx_word' id='word_1_70' title='bbox 449 1282 522 1333; x_wconf 88' lang='lat' dir='ltr'><strong>minis</strong></span> <span class='ocrx_word' id='word_1_71' title='bbox 541 1282 640 1334; x_wconf 86' lang='lat' dir='ltr'><strong>renium</strong></span> <span class='ocrx_word' id='word_1_72' title='bbox 659 1283 769 1336; x_wconf 76' lang='lat' dir='ltr'><strong>abeundi</strong></span> <span class='ocrx_word' id='word_1_73' title='bbox 789 1289 868 1352; x_wconf 81' lang='lat' dir='ltr'><strong>petet.</strong></span> <span class='ocrx_word' id='word_1_74' title='bbox 905 1285 983 1342; x_wconf 79' lang='lat' dir='ltr'><strong>Quod</strong></span> <span class='ocrx_word' id='word_1_75' title='bbox 1002 1287 1053 1339; x_wconf 85' lang='lat' dir='ltr'><strong>ium</strong></span> <span class='ocrx_word' id='word_1_76' title='bbox 1072 1302 1123 1338; x_wconf 91' lang='lat' dir='ltr'><strong>uon</strong></span> <span class='ocrx_word' id='word_1_77' title='bbox 1144 1301 1210 1355; x_wconf 91' lang='lat' dir='ltr'><strong>opus</strong></span> <span class='ocrx_word' id='word_1_78' title='bbox 1228 1292 1316 1339; x_wconf 89' lang='lat' dir='ltr'><strong>estut</strong></span> 
     </span>
     <span class='ocr_line' id='line_1_10' title="bbox 299 1360 1349 1453; baseline 0.007 -21"><span class='ocrx_word' id='word_1_79' title='bbox 299 1380 448 1434; x_wconf 81' lang='lat' dir='ltr'><strong>refutemus.</strong></span> <span class='ocrx_word' id='word_1_80' title='bbox 484 1381 526 1434; x_wconf 90' lang='lat' dir='ltr'><strong>Tu</strong></span> <span class='ocrx_word' id='word_1_81' title='bbox 550 1397 600 1435; x_wconf 92' lang='lat' dir='ltr'><strong>non</strong></span> <span class='ocrx_word' id='word_1_82' title='bbox 625 1384 754 1450; x_wconf 79' lang='lat' dir='ltr'><strong>cogitabis</strong></span> <span class='ocrx_word' id='word_1_83' title='bbox 778 1389 879 1438; x_wconf 87' lang='lat' dir='ltr'><strong>certum</strong></span> <span class='ocrx_word' id='word_1_84' title='bbox 903 1382 1046 1451; x_wconf 87' lang='lat' dir='ltr'><strong>hominem,</strong></span> <span class='ocrx_word' id='word_1_85' title='bbox 1072 1393 1150 1453; x_wconf 86' lang='lat' dir='ltr'><strong>atque</strong></span> <span class='ocrx_word' id='word_1_86' title='bbox 1174 1387 1211 1438; x_wconf 83' lang='lat' dir='ltr'><strong>itu</strong></span> <span class='ocrx_word' id='word_1_87' title='bbox 1235 1386 1313 1438; x_wconf 86' lang='lat' dir='ltr'><strong>etium</strong></span> <span class='ocrx_word' id='word_1_88' title='bbox 1344 1360 1349 1368; x_wconf 36' lang='grc'><em>’</em></span> 
     </span>
     <span class='ocr_line' id='line_1_11' title="bbox 297 1480 1314 1552; baseline 0.009 -22"><span class='ocrx_word' id='word_1_89' title='bbox 297 1481 376 1544; x_wconf 79' lang='lat' dir='ltr'><strong>uulgo</strong></span> <span class='ocrx_word' id='word_1_90' title='bbox 394 1480 479 1532; x_wconf 87' lang='lat' dir='ltr'><strong>locum</strong></span> <span class='ocrx_word' id='word_1_91' title='bbox 498 1488 655 1548; x_wconf 85' lang='lat' dir='ltr'><strong>acceperunt</strong></span> <span class='ocrx_word' id='word_1_92' title='bbox 672 1498 778 1548; x_wconf 81' lang='lat' dir='ltr'><strong>omnes3</strong></span> <span class='ocrx_word' id='word_1_93' title='bbox 797 1489 839 1537; x_wconf 85' lang='lat' dir='ltr'><strong>est</strong></span> <span class='ocrx_word' id='word_1_94' title='bbox 856 1483 924 1538; x_wconf 87' lang='lat' dir='ltr'><strong>cuim</strong></span> <span class='ocrx_word' id='word_1_95' title='bbox 942 1482 1007 1538; x_wconf 84' lang='lat' dir='ltr'><strong>baec</strong></span> <span class='ocrx_word' id='word_1_96' title='bbox 1029 1501 1071 1538; x_wconf 86' lang='lat' dir='ltr'><strong>res</strong></span> <span class='ocrx_word' id='word_1_97' title='bbox 1090 1487 1158 1552; x_wconf 90' lang='lat' dir='ltr'><strong>talis,</strong></span> <span class='ocrx_word' id='word_1_98' title='bbox 1175 1500 1242 1552; x_wconf 80' lang='lat' dir='ltr'><strong>qnae</strong></span> <span class='ocrx_word' id='word_1_99' title='bbox 1261 1500 1314 1539; x_wconf 90' lang='lat' dir='ltr'><strong>uon</strong></span> 
     </span>
    </p>
   </div>
   <div class='ocr_carea' id='block_1_5' title="bbox 206 1580 1316 1652">
    <p class='ocr_par' dir='ltr' id='par_1_5' title="bbox 206 1580 1316 1652">
     <span class='ocr_line' id='line_1_12' title="bbox 206 1580 1316 1652; baseline 0.012 -23"><span class='ocrx_word' id='word_1_100' title='bbox 206 1585 212 1594; x_wconf 86' lang='lat'><em>·</em></span> <span class='ocrx_word' id='word_1_101' title='bbox 297 1581 340 1632; x_wconf 89' lang='lat' dir='ltr'><strong>uui</strong></span> <span class='ocrx_word' id='word_1_102' title='bbox 359 1586 458 1632; x_wconf 87' lang='lat' dir='ltr'><strong>tuntum</strong></span> <span class='ocrx_word' id='word_1_103' title='bbox 477 1580 612 1633; x_wconf 87' lang='lat' dir='ltr'><strong>tribuenda</strong></span> <span class='ocrx_word' id='word_1_104' title='bbox 630 1583 672 1636; x_wconf 83' lang='lat' dir='ltr'><strong>sit.</strong></span> <span class='ocrx_word' id='word_1_105' title='bbox 708 1582 928 1639; x_wconf 84' lang='lat' dir='ltr'><strong>Tenebis·tameu</strong></span> <span class='ocrx_word' id='word_1_106' title='bbox 945 1589 1031 1652; x_wconf 85' lang='lat' dir='ltr'><strong>simul,</strong></span> <span class='ocrx_word' id='word_1_107' title='bbox 1049 1588 1108 1642; x_wconf 91' lang='lat' dir='ltr'><strong>inde</strong></span> <span class='ocrx_word' id='word_1_108' title='bbox 1127 1588 1231 1642; x_wconf 87' lang='lat' dir='ltr'><strong>ductum</strong></span> <span class='ocrx_word' id='word_1_109' title='bbox 1248 1586 1316 1642; x_wconf 80' lang='lat' dir='ltr'><strong>lianc</strong></span> 
     </span>
    </p>
   </div>
   <div class='ocr_carea' id='block_1_6' title="bbox 294 1679 1386 4240">
    <p class='ocr_par' dir='ltr' id='par_1_6' title="bbox 294 1679 1386 4240">
     <span class='ocr_line' id='line_1_13' title="bbox 297 1679 1317 1755; baseline 0.01 -25"><span class='ocrx_word' id='word_1_110' title='bbox 297 1679 405 1733; x_wconf 83' lang='lat' dir='ltr'><strong>sormam</strong></span> <span class='ocrx_word' id='word_1_111' title='bbox 424 1680 524 1746; x_wconf 82' lang='lat' dir='ltr'><strong>exitus,</strong></span> <span class='ocrx_word' id='word_1_112' title='bbox 542 1679 611 1747; x_wconf 88' lang='lat' dir='ltr'><strong>quod</strong></span> <span class='ocrx_word' id='word_1_113' title='bbox 631 1681 722 1734; x_wconf 82' lang='lat' dir='ltr'><strong>dentes</strong></span> <span class='ocrx_word' id='word_1_114' title='bbox 739 1690 800 1735; x_wconf 89' lang='lat' dir='ltr'><strong>ante</strong></span> <span class='ocrx_word' id='word_1_115' title='bbox 818 1684 919 1737; x_wconf 80' lang='lat' dir='ltr'><strong>ienuam</strong></span> <span class='ocrx_word' id='word_1_116' title='bbox 939 1686 1041 1752; x_wconf 79' lang='lat' dir='ltr'><strong>puellae</strong></span> <span class='ocrx_word' id='word_1_117' title='bbox 1059 1692 1188 1740; x_wconf 87' lang='lat' dir='ltr'><strong>amatores</strong></span> <span class='ocrx_word' id='word_1_118' title='bbox 1205 1703 1220 1740; x_wconf 87' lang='lat' dir='ltr'><strong>a</strong></span> <span class='ocrx_word' id='word_1_119' title='bbox 1238 1701 1317 1755; x_wconf 87' lang='lat' dir='ltr'><strong>prae-</strong></span> 
     </span>
     <span class='ocr_line' id='line_1_14' title="bbox 297 1778 1315 1853; baseline 0.005 -23"><span class='ocrx_word' id='word_1_120' title='bbox 297 1779 458 1832; x_wconf 88' lang='lat' dir='ltr'><strong>tereuntibus</strong></span> <span class='ocrx_word' id='word_1_121' title='bbox 482 1778 661 1832; x_wconf 83' lang='lat' dir='ltr'><strong>irridebantur.</strong></span> <span class='ocrx_word' id='word_1_122' title='bbox 704 1780 762 1834; x_wconf 90' lang='lat' dir='ltr'><strong>Nec</strong></span> <span class='ocrx_word' id='word_1_123' title='bbox 781 1787 880 1835; x_wconf 88' lang='lat' dir='ltr'><strong>temere</strong></span> <span class='ocrx_word' id='word_1_124' title='bbox 898 1784 1008 1850; x_wconf 88' lang='lat' dir='ltr'><strong>arripuit</strong></span> <span class='ocrx_word' id='word_1_125' title='bbox 1026 1791 1104 1853; x_wconf 90' lang='lat' dir='ltr'><strong>poeta</strong></span> <span class='ocrx_word' id='word_1_126' title='bbox 1121 1783 1234 1852; x_wconf 86' lang='lat' dir='ltr'><strong>aliquid,</strong></span> <span class='ocrx_word' id='word_1_127' title='bbox 1262 1798 1315 1851; x_wconf 83' lang='lat' dir='ltr'><strong>qno</strong></span> 
     </span>
     <span class='ocr_line' id='line_1_15' title="bbox 296 1879 1377 1953; baseline 0.002 -21"><span class='ocrx_word' id='word_1_128' title='bbox 296 1881 373 1934; x_wconf 90' lang='lat' dir='ltr'><strong>finem</strong></span> <span class='ocrx_word' id='word_1_129' title='bbox 389 1881 536 1950; x_wconf 87' lang='lat' dir='ltr'><strong>imponeret</strong></span> <span class='ocrx_word' id='word_1_130' title='bbox 559 1881 675 1948; x_wconf 77' lang='lat' dir='ltr'><strong>elegiae,</strong></span> <span class='ocrx_word' id='word_1_131' title='bbox 699 1881 746 1934; x_wconf 88' lang='lat' dir='ltr'><strong>sed</strong></span> <span class='ocrx_word' id='word_1_132' title='bbox 773 1883 843 1949; x_wconf 87' lang='lat' dir='ltr'><strong>quod</strong></span> <span class='ocrx_word' id='word_1_133' title='bbox 861 1879 1105 1953; x_wconf 73' lang='lat' dir='ltr'><strong>nepusluuordi&#39;pp</strong></span> <span class='ocrx_word' id='word_1_134' title='bbox 1125 1884 1231 1937; x_wconf 88' lang='lat' dir='ltr'><strong>carmini</strong></span> <span class='ocrx_word' id='word_1_135' title='bbox 1249 1897 1314 1935; x_wconf 89' lang='lat' dir='ltr'><strong>cou-</strong></span> <span class='ocrx_word' id='word_1_136' title='bbox 1373 1888 1377 1892; x_wconf 86' lang='grc'><em>“</em></span> 
     </span>
     <span class='ocr_line' id='line_1_16' title="bbox 296 1979 1313 2053; baseline -0.001 -22"><span class='ocrx_word' id='word_1_137' title='bbox 296 1981 409 2041; x_wconf 87' lang='lat' dir='ltr'><strong>reniret,</strong></span> <span class='ocrx_word' id='word_1_138' title='bbox 434 1981 521 2047; x_wconf 87' lang='lat' dir='ltr'><strong>posuit</strong></span> <span class='ocrx_word' id='word_1_139' title='bbox 539 1987 566 2032; x_wconf 93' lang='lat' dir='ltr'><strong>et</strong></span> <span class='ocrx_word' id='word_1_140' title='bbox 583 1997 681 2050; x_wconf 84' lang='lat' dir='ltr'><strong>ponere</strong></span> <span class='ocrx_word' id='word_1_141' title='bbox 700 1981 798 2036; x_wconf 77' lang='lat' dir='ltr'><strong>debuit,</strong></span> <span class='ocrx_word' id='word_1_142' title='bbox 817 2013 852 2024; x_wconf 96' lang='lat'>-</span> <span class='ocrx_word' id='word_1_143' title='bbox 879 1986 1008 2050; x_wconf 75' lang='lat' dir='ltr'><strong>laetus,</strong></span> <span class='ocrx_word' id='word_1_144' title='bbox 1032 1990 1123 2053; x_wconf 80' lang='lat' dir='ltr'><strong>utpote</strong></span> <span class='ocrx_word' id='word_1_145' title='bbox 1141 1983 1206 2036; x_wconf 90' lang='lat' dir='ltr'><strong>liber</strong></span> <span class='ocrx_word' id='word_1_146' title='bbox 1223 1982 1256 2033; x_wconf 90' lang='lat' dir='ltr'><strong>ab</strong></span> <span class='ocrx_word' id='word_1_147' title='bbox 1275 1979 1313 2032; x_wconf 86' lang='lat' dir='ltr'><strong>bis</strong></span> 
     </span>
     <span class='ocr_line' id='line_1_17' title="bbox 295 2077 1311 2153; baseline 0 -22"><span class='ocrx_word' id='word_1_148' title='bbox 295 2077 435 2131; x_wconf 89' lang='lat' dir='ltr'><strong>doloribus.</strong></span> <span class='ocrx_word' id='word_1_149' title='bbox 472 2077 559 2131; x_wconf 84' lang='lat' dir='ltr'><strong>Nolim</strong></span> <span class='ocrx_word' id='word_1_150' title='bbox 584 2081 653 2132; x_wconf 90' lang='lat' dir='ltr'><strong>euim</strong></span> <span class='ocrx_word' id='word_1_151' title='bbox 677 2082 716 2133; x_wconf 89' lang='lat' dir='ltr'><strong>sic</strong></span> <span class='ocrx_word' id='word_1_152' title='bbox 741 2081 888 2148; x_wconf 80' lang='lat' dir='ltr'><strong>intelligere</strong></span> <span class='ocrx_word' id='word_1_153' title='bbox 913 2090 942 2135; x_wconf 90' lang='lat' dir='ltr'><strong>ut</strong></span> <span class='ocrx_word' id='word_1_154' title='bbox 965 2082 1054 2133; x_wconf 82' lang='lat' dir='ltr'><strong>animo</strong></span> <span class='ocrx_word' id='word_1_155' title='bbox 1076 2081 1212 2153; x_wconf 79' lang='lat' dir='ltr'><strong>gaudente</strong></span> <span class='ocrx_word' id='word_1_156' title='bbox 1230 2084 1270 2131; x_wconf 86' lang='lat' dir='ltr'><strong>est</strong></span> <span class='ocrx_word' id='word_1_157' title='bbox 1289 2080 1311 2147; x_wconf 87' lang='lat' dir='ltr'><strong>i,</strong></span> 
     </span>
     <span class='ocr_line' id='line_1_18' title="bbox 295 2176 1312 2245; baseline -0.003 -14"><span class='ocrx_word' id='word_1_158' title='bbox 295 2183 321 2245; x_wconf 80' lang='lat'><strong>6,</strong></span> <span class='ocrx_word' id='word_1_159' title='bbox 336 2183 380 2232; x_wconf 83' lang='grc'><strong>81.</strong></span> <span class='ocrx_word' id='word_1_160' title='bbox 398 2184 444 2231; x_wconf 88' lang='lat' dir='ltr'><strong>aut</strong></span> <span class='ocrx_word' id='word_1_161' title='bbox 462 2177 580 2230; x_wconf 75' lang='lat' dir='ltr'><strong>lacrimis</strong></span> <span class='ocrx_word' id='word_1_162' title='bbox 597 2177 747 2229; x_wconf 79' lang='lat' dir='ltr'><strong>laetabitur</strong></span> <span class='ocrx_word' id='word_1_163' title='bbox 765 2179 827 2230; x_wconf 76' lang='lat' dir='ltr'><strong>irtio</strong></span> <span class='ocrx_word' id='word_1_164' title='bbox 845 2181 926 2232; x_wconf 82' lang='lat' dir='ltr'><strong>Orun.</strong></span> <span class='ocrx_word' id='word_1_165' title='bbox 947 2180 1012 2231; x_wconf 81' lang='lat' dir='ltr'><strong>Met.</strong></span> <span class='ocrx_word' id='word_1_166' title='bbox 1030 2179 1076 2241; x_wconf 84' lang='lat' dir='ltr'><strong>iX,</strong></span> <span class='ocrx_word' id='word_1_167' title='bbox 1098 2182 1156 2230; x_wconf 78' lang='grc'><strong>141.</strong></span> <span class='ocrx_word' id='word_1_168' title='bbox 1175 2192 1233 2228; x_wconf 89' lang='lat' dir='ltr'><strong>cum</strong></span> <span class='ocrx_word' id='word_1_169' title='bbox 1252 2176 1312 2229; x_wconf 90' lang='lat' dir='ltr'><strong>odi-</strong></span> 
     </span>
     <span class='ocr_line' id='line_1_19' title="bbox 296 2259 1386 2346; baseline -0.006 -14"><span class='ocrx_word' id='word_1_170' title='bbox 296 2294 353 2332; x_wconf 86' lang='lat' dir='ltr'><strong>mus</strong></span> <span class='ocrx_word' id='word_1_171' title='bbox 371 2280 490 2346; x_wconf 83' lang='lat' dir='ltr'><strong>aliquem.</strong></span> <span class='ocrx_word' id='word_1_172' title='bbox 510 2306 545 2317; x_wconf 95' lang='lat'>-</span> <span class='ocrx_word' id='word_1_173' title='bbox 571 2283 695 2331; x_wconf 78' lang='lat' dir='ltr'><strong>caneto</strong></span> <span class='ocrx_word' id='word_1_174' title='bbox 720 2292 793 2330; x_wconf 84' lang='lat' dir='ltr'><strong>mox</strong></span> <span class='ocrx_word' id='word_1_175' title='bbox 817 2277 896 2342; x_wconf 89' lang='lat' dir='ltr'><strong>tibi,</strong></span> <span class='ocrx_word' id='word_1_176' title='bbox 921 2275 1050 2327; x_wconf 80' lang='lat' dir='ltr'><strong>ostendito</strong></span> <span class='ocrx_word' id='word_1_177' title='bbox 1068 2290 1128 2325; x_wconf 88' lang='lat' dir='ltr'><strong>mox</strong></span> <span class='ocrx_word' id='word_1_178' title='bbox 1146 2281 1217 2326; x_wconf 86' lang='lat' dir='ltr'><strong>tuam</strong></span> <span class='ocrx_word' id='word_1_179' title='bbox 1235 2274 1311 2327; x_wconf 89' lang='lat' dir='ltr'><strong>nobis</strong></span> <span class='ocrx_word' id='word_1_180' title='bbox 1378 2259 1386 2281; x_wconf 74' lang='lat'>⁸</span> 
     </span>
     <span class='ocr_line' id='line_1_20' title="bbox 295 2375 1310 2445; baseline -0.001 -15"><span class='ocrx_word' id='word_1_181' title='bbox 295 2382 480 2445; x_wconf 68' lang='lat' dir='ltr'><strong>coustantium</strong></span> <span class='ocrx_word' id='word_1_182' title='bbox 498 2381 548 2434; x_wconf 85' lang='lat' dir='ltr'><strong>crit</strong></span> <span class='ocrx_word' id='word_1_183' title='bbox 565 2381 632 2433; x_wconf 86' lang='lat' dir='ltr'><strong>eninr</strong></span> <span class='ocrx_word' id='word_1_184' title='bbox 651 2395 710 2432; x_wconf 80' lang='lat' dir='ltr'><strong>mou</strong></span> <span class='ocrx_word' id='word_1_185' title='bbox 730 2380 807 2431; x_wconf 83' lang='lat' dir='ltr'><strong>etium</strong></span> <span class='ocrx_word' id='word_1_186' title='bbox 829 2377 892 2442; x_wconf 87' lang='lat' dir='ltr'><strong>tibi,</strong></span> <span class='ocrx_word' id='word_1_187' title='bbox 909 2393 925 2430; x_wconf 80' lang='lat' dir='ltr'><strong>a</strong></span> <span class='ocrx_word' id='word_1_188' title='bbox 943 2393 994 2443; x_wconf 80' lang='lat' dir='ltr'><strong>quio</strong></span> <span class='ocrx_word' id='word_1_189' title='bbox 1012 2392 1092 2442; x_wconf 77' lang='lat' dir='ltr'><strong>aegre</strong></span> <span class='ocrx_word' id='word_1_190' title='bbox 1112 2391 1211 2429; x_wconf 82' lang='lat' dir='ltr'><strong>caveas.</strong></span> <span class='ocrx_word' id='word_1_191' title='bbox 1249 2375 1310 2430; x_wconf 87' lang='lat' dir='ltr'><strong>Nou</strong></span> 
     </span>
     <span class='ocr_line' id='line_1_21' title="bbox 295 2476 1313 2549; baseline -0.001 -18"><span class='ocrx_word' id='word_1_192' title='bbox 295 2479 421 2545; x_wconf 85' lang='lat' dir='ltr'><strong>estquod</strong></span> <span class='ocrx_word' id='word_1_193' title='bbox 437 2480 493 2531; x_wconf 88' lang='lat' dir='ltr'><strong>iure</strong></span> <span class='ocrx_word' id='word_1_194' title='bbox 511 2480 648 2549; x_wconf 68' lang='lat' dir='ltr'><strong>displiceat</strong></span> <span class='ocrx_word' id='word_1_195' title='bbox 666 2480 691 2532; x_wconf 91' lang='lat' dir='ltr'><strong>iu</strong></span> <span class='ocrx_word' id='word_1_196' title='bbox 709 2477 756 2531; x_wconf 85' lang='lat' dir='ltr'><strong>hac</strong></span> <span class='ocrx_word' id='word_1_197' title='bbox 771 2479 910 2544; x_wconf 91' lang='lat' dir='ltr'><strong>locutione,</strong></span> <span class='ocrx_word' id='word_1_198' title='bbox 927 2493 1003 2544; x_wconf 83' lang='lat' dir='ltr'><strong>quum</strong></span> <span class='ocrx_word' id='word_1_199' title='bbox 1019 2476 1184 2546; x_wconf 81' lang='lat' dir='ltr'><strong>reprehendit</strong></span> <span class='ocrx_word' id='word_1_200' title='bbox 1198 2476 1313 2530; x_wconf 86' lang='lat' dir='ltr'><strong>Huscu-</strong></span> 
     </span>
     <span class='ocr_line' id='line_1_22' title="bbox 295 2576 1362 2644; baseline -0.001 -14"><span class='ocrx_word' id='word_1_201' title='bbox 295 2592 368 2631; x_wconf 76' lang='lat' dir='ltr'><strong>urus.</strong></span> <span class='ocrx_word' id='word_1_202' title='bbox 389 2602 423 2619; x_wconf 92' lang='lat'><em>-</em></span> <span class='ocrx_word' id='word_1_203' title='bbox 443 2593 507 2631; x_wconf 89' lang='lat' dir='ltr'><strong>non</strong></span> <span class='ocrx_word' id='word_1_204' title='bbox 526 2594 619 2632; x_wconf 88' lang='lat' dir='ltr'><strong>unns.</strong></span> <span class='ocrx_word' id='word_1_205' title='bbox 655 2578 744 2630; x_wconf 81' lang='lat' dir='ltr'><strong>Jnuus</strong></span> <span class='ocrx_word' id='word_1_206' title='bbox 763 2578 936 2629; x_wconf 79' lang='lat' dir='ltr'><strong>Guunnnnus</strong></span> <span class='ocrx_word' id='word_1_207' title='bbox 954 2577 1151 2644; x_wconf 73' lang='lat' dir='ltr'><strong>interpretatore</strong></span> <span class='ocrx_word' id='word_1_208' title='bbox 1169 2591 1222 2628; x_wconf 90' lang='lat' dir='ltr'><strong>uon</strong></span> <span class='ocrx_word' id='word_1_209' title='bbox 1240 2576 1312 2628; x_wconf 83' lang='lat' dir='ltr'><strong>simi·</strong></span> <span class='ocrx_word' id='word_1_210' title='bbox 1352 2614 1362 2629; x_wconf 92' lang='lat'><strong>.</strong></span> 
     </span>
     <span class='ocr_line' id='line_1_23' title="bbox 294 2674 1312 2746; baseline -0.004 -16"><span class='ocrx_word' id='word_1_211' title='bbox 294 2677 343 2743; x_wconf 83' lang='lat' dir='ltr'><strong>lis,</strong></span> <span class='ocrx_word' id='word_1_212' title='bbox 362 2675 386 2732; x_wconf 91' lang='lat' dir='ltr'><strong>b.</strong></span> <span class='ocrx_word' id='word_1_213' title='bbox 406 2694 429 2731; x_wconf 89' lang='lat' dir='ltr'><strong>e.</strong></span> <span class='ocrx_word' id='word_1_214' title='bbox 447 2684 476 2731; x_wconf 87' lang='lat' dir='ltr'><strong>tu</strong></span> <span class='ocrx_word' id='word_1_215' title='bbox 494 2678 656 2746; x_wconf 80' lang='lat' dir='ltr'><strong>grauioribus</strong></span> <span class='ocrx_word' id='word_1_216' title='bbox 674 2680 749 2731; x_wconf 87' lang='lat' dir='ltr'><strong>melis</strong></span> <span class='ocrx_word' id='word_1_217' title='bbox 766 2678 911 2745; x_wconf 72' lang='lat' dir='ltr'><strong>urgeberis.</strong></span> <span class='ocrx_word' id='word_1_218' title='bbox 949 2677 1028 2731; x_wconf 87' lang='lat' dir='ltr'><strong>Male.</strong></span> <span class='ocrx_word' id='word_1_219' title='bbox 1063 2678 1157 2729; x_wconf 87' lang='lat' dir='ltr'><strong>Potius</strong></span> <span class='ocrx_word' id='word_1_220' title='bbox 1173 2690 1237 2728; x_wconf 90' lang='lat' dir='ltr'><strong>nnn</strong></span> <span class='ocrx_word' id='word_1_221' title='bbox 1254 2674 1312 2727; x_wconf 90' lang='lat' dir='ltr'><strong>uni</strong></span> 
     </span>
     <span class='ocr_line' id='line_1_24' title="bbox 295 2774 1312 2845; baseline -0.002 -16"><span class='ocrx_word' id='word_1_222' title='bbox 295 2777 362 2830; x_wconf 89' lang='lat' dir='ltr'><strong>bene</strong></span> <span class='ocrx_word' id='word_1_223' title='bbox 385 2776 547 2831; x_wconf 87' lang='lat' dir='ltr'><strong>emendatum</strong></span> <span class='ocrx_word' id='word_1_224' title='bbox 572 2784 627 2842; x_wconf 88' lang='lat' dir='ltr'><strong>est,</strong></span> <span class='ocrx_word' id='word_1_225' title='bbox 656 2778 805 2845; x_wconf 78' lang='lat' dir='ltr'><strong>postulante</strong></span> <span class='ocrx_word' id='word_1_226' title='bbox 823 2776 960 2830; x_wconf 84' lang='lat' dir='ltr'><strong>sententia.</strong></span> <span class='ocrx_word' id='word_1_227' title='bbox 997 2776 1054 2830; x_wconf 80' lang='lat' dir='ltr'><strong>Nec</strong></span> <span class='ocrx_word' id='word_1_228' title='bbox 1072 2776 1147 2831; x_wconf 80' lang='lat' dir='ltr'><strong>uiden</strong></span> <span class='ocrx_word' id='word_1_229' title='bbox 1166 2791 1213 2829; x_wconf 89' lang='lat' dir='ltr'><strong>cur</strong></span> <span class='ocrx_word' id='word_1_230' title='bbox 1229 2774 1312 2828; x_wconf 81' lang='lat' dir='ltr'><strong>Hur-</strong></span> 
     </span>
     <span class='ocr_line' id='line_1_25' title="bbox 294 2875 1314 2943; baseline -0.001 -14"><span class='ocrx_word' id='word_1_231' title='bbox 294 2890 358 2930; x_wconf 81' lang='lat' dir='ltr'><strong>rtrns</strong></span> <span class='ocrx_word' id='word_1_232' title='bbox 376 2876 459 2942; x_wconf 82' lang='lat' dir='ltr'><strong>dicut,</strong></span> <span class='ocrx_word' id='word_1_233' title='bbox 483 2875 622 2943; x_wconf 80' lang='lat' dir='ltr'><strong>ulcusque</strong></span> <span class='ocrx_word' id='word_1_234' title='bbox 640 2875 724 2926; x_wconf 87' lang='lat' dir='ltr'><strong>minua</strong></span> <span class='ocrx_word' id='word_1_235' title='bbox 741 2875 964 2929; x_wconf 85' lang='lat' dir='ltr'><strong>accommodatum</strong></span> <span class='ocrx_word' id='word_1_236' title='bbox 984 2892 1057 2941; x_wconf 82' lang='lat' dir='ltr'><strong>esse,</strong></span> <span class='ocrx_word' id='word_1_237' title='bbox 1081 2875 1151 2943; x_wconf 87' lang='lat' dir='ltr'><strong>quod</strong></span> <span class='ocrx_word' id='word_1_238' title='bbox 1169 2876 1314 2943; x_wconf 75' lang='lat' dir='ltr'><strong>significate</strong></span> 
     </span>
     <span class='ocr_line' id='line_1_26' title="bbox 295 2961 1311 3047; baseline -0.006 -17"><span class='ocrx_word' id='word_1_239' title='bbox 295 2984 429 3047; x_wconf 89' lang='lat' dir='ltr'><strong>perpetuo.</strong></span> <span class='ocrx_word' id='word_1_240' title='bbox 458 2974 566 3028; x_wconf 75' lang='lat' dir='ltr'><strong>Confert</strong></span> <span class='ocrx_word' id='word_1_241' title='bbox 583 2973 826 3028; x_wconf 80' lang='lat' dir='ltr'><strong>Wunnsnurouuus</strong></span> <span class='ocrx_word' id='word_1_242' title='bbox 843 2976 928 3029; x_wconf 77' lang='lat' dir='ltr'><strong>Souis.</strong></span> <span class='ocrx_word' id='word_1_243' title='bbox 945 2976 1042 3030; x_wconf 79' lang='lat' dir='ltr'><strong>Electr.</strong></span> <span class='ocrx_word' id='word_1_244' title='bbox 1062 2981 1130 3030; x_wconf 71' lang='lat'><strong>9162</strong></span> <span class='ocrx_word' id='word_1_245' title='bbox 1149 2971 1191 3041; x_wconf 81' lang='lat' dir='ltr'><strong>u’y&#39;</strong></span> <span class='ocrx_word' id='word_1_246' title='bbox 1206 2961 1227 3026; x_wconf 75' lang='lat' dir='ltr'><strong>oi</strong></span> <span class='ocrx_word' id='word_1_247' title='bbox 1241 2974 1311 3043; x_wconf 68' lang='lat' dir='ltr'><strong>utiq,</strong></span> 
     </span>
     <span class='ocr_line' id='line_1_27' title="bbox 294 3068 1312 3148; baseline 0.002 -25"><span class='ocrx_word' id='word_1_248' title='bbox 294 3074 424 3148; x_wconf 64' lang='grc' dir='ltr'><strong>θάρσυνε·</strong></span> <span class='ocrx_word' id='word_1_249' title='bbox 454 3087 510 3132; x_wconf 73' lang='grc' dir='ltr'><strong>τοῖς</strong></span> <span class='ocrx_word' id='word_1_250' title='bbox 535 3068 639 3124; x_wconf 68' lang='grc' dir='ltr'><em>αὐτοῖσί</em></span> <span class='ocrx_word' id='word_1_251' title='bbox 663 3093 705 3124; x_wconf 83' lang='grc' dir='ltr'><strong>τοι</strong></span> <span class='ocrx_word' id='word_1_252' title='bbox 733 3069 782 3139; x_wconf 63' lang='lat' dir='ltr'><strong>onix</strong></span> <span class='ocrx_word' id='word_1_253' title='bbox 809 3068 890 3132; x_wconf 73' lang='grc' dir='ltr'><strong>αὖτός</strong></span> <span class='ocrx_word' id='word_1_254' title='bbox 919 3069 959 3126; x_wconf 78' lang='lat' dir='ltr'><strong>u&#39;ri</strong></span> <span class='ocrx_word' id='word_1_255' title='bbox 985 3071 1116 3137; x_wconf 75' lang='grc' dir='ltr'><strong>δαιμόνων</strong></span> <span class='ocrx_word' id='word_1_256' title='bbox 1141 3084 1312 3144; x_wconf 72' lang='grc' dir='ltr'><strong>παραστατεῖ.</strong></span> 
     </span>
     <span class='ocr_line' id='line_1_28' title="bbox 297 3173 1314 3245; baseline -0.003 -16"><span class='ocrx_word' id='word_1_257' title='bbox 297 3176 372 3245; x_wconf 82' lang='lat' dir='ltr'><strong>Apud</strong></span> <span class='ocrx_word' id='word_1_258' title='bbox 393 3175 526 3229; x_wconf 82' lang='lat' dir='ltr'><strong>Tibullum</strong></span> <span class='ocrx_word' id='word_1_259' title='bbox 545 3173 704 3226; x_wconf 83' lang='lat' dir='ltr'><strong>Huscunrue</strong></span> <span class='ocrx_word' id='word_1_260' title='bbox 723 3176 836 3229; x_wconf 88' lang='lat' dir='ltr'><strong>coniecit</strong></span> <span class='ocrx_word' id='word_1_261' title='bbox 855 3194 908 3228; x_wconf 88' lang='lat' dir='ltr'><strong>non</strong></span> <span class='ocrx_word' id='word_1_262' title='bbox 927 3193 1038 3234; x_wconf 74' lang='lat' dir='ltr'><strong>vacuus,</strong></span> <span class='ocrx_word' id='word_1_263' title='bbox 1056 3173 1080 3227; x_wconf 87' lang='lat' dir='ltr'><strong>h.</strong></span> <span class='ocrx_word' id='word_1_264' title='bbox 1099 3192 1122 3228; x_wconf 88' lang='lat' dir='ltr'><strong>c.</strong></span> <span class='ocrx_word' id='word_1_265' title='bbox 1142 3190 1193 3227; x_wconf 88' lang='lat' dir='ltr'><strong>non</strong></span> <span class='ocrx_word' id='word_1_266' title='bbox 1211 3190 1314 3240; x_wconf 87' lang='lat' dir='ltr'><strong>rucans,</strong></span> 
     </span>
     <span class='ocr_line' id='line_1_29' title="bbox 294 3272 1312 3346; baseline 0 -19"><span class='ocrx_word' id='word_1_267' title='bbox 294 3291 345 3328; x_wconf 90' lang='lat' dir='ltr'><strong>non</strong></span> <span class='ocrx_word' id='word_1_268' title='bbox 364 3291 477 3339; x_wconf 84' lang='lat' dir='ltr'><strong>cessans,</strong></span> <span class='ocrx_word' id='word_1_269' title='bbox 494 3289 546 3340; x_wconf 87' lang='lat' dir='ltr'><strong>quo</strong></span> <span class='ocrx_word' id='word_1_270' title='bbox 565 3272 685 3339; x_wconf 85' lang='lat' dir='ltr'><strong>loquendi</strong></span> <span class='ocrx_word' id='word_1_271' title='bbox 705 3291 802 3342; x_wconf 75' lang='lat' dir='ltr'><strong>genere</strong></span> <span class='ocrx_word' id='word_1_272' title='bbox 818 3277 984 3346; x_wconf 88' lang='lat' dir='ltr'><strong>Propertium</strong></span> <span class='ocrx_word' id='word_1_273' title='bbox 1002 3278 1085 3330; x_wconf 90' lang='lat' dir='ltr'><strong>solum</strong></span> <span class='ocrx_word' id='word_1_274' title='bbox 1103 3277 1142 3328; x_wconf 92' lang='lat' dir='ltr'><strong>uti</strong></span> <span class='ocrx_word' id='word_1_275' title='bbox 1159 3275 1312 3327; x_wconf 77' lang='lat' dir='ltr'><strong>Lucinianu-</strong></span> 
     </span>
     <span class='ocr_line' id='line_1_30' title="bbox 294 3372 1312 3444; baseline -0.004 -18"><span class='ocrx_word' id='word_1_276' title='bbox 294 3389 347 3426; x_wconf 77' lang='lat' dir='ltr'><strong>nus</strong></span> <span class='ocrx_word' id='word_1_277' title='bbox 365 3379 445 3426; x_wconf 72' lang='lat' dir='ltr'><strong>notat</strong></span> <span class='ocrx_word' id='word_1_278' title='bbox 482 3373 540 3427; x_wconf 80' lang='lat' dir='ltr'><strong>Nec</strong></span> <span class='ocrx_word' id='word_1_279' title='bbox 563 3374 689 3426; x_wconf 85' lang='lat' dir='ltr'><strong>sententia</strong></span> <span class='ocrx_word' id='word_1_280' title='bbox 714 3376 815 3444; x_wconf 83' lang='lat' dir='ltr'><strong>placet:</strong></span> <span class='ocrx_word' id='word_1_281' title='bbox 843 3394 903 3429; x_wconf 73' lang='lat' dir='ltr'><strong>mox</strong></span> <span class='ocrx_word' id='word_1_282' title='bbox 926 3374 977 3426; x_wconf 82' lang='lat' dir='ltr'><strong>tibi</strong></span> <span class='ocrx_word' id='word_1_283' title='bbox 1002 3393 1054 3427; x_wconf 84' lang='lat' dir='ltr'><strong>non</strong></span> <span class='ocrx_word' id='word_1_284' title='bbox 1080 3392 1186 3426; x_wconf 75' lang='lat' dir='ltr'><strong>cersona</strong></span> <span class='ocrx_word' id='word_1_285' title='bbox 1209 3372 1312 3424; x_wconf 72' lang='lat' dir='ltr'><strong>saeviet</strong></span> 
     </span>
     <span class='ocr_line' id='line_1_31' title="bbox 295 3469 1311 3542; baseline 0.006 -24"><span class='ocrx_word' id='word_1_286' title='bbox 295 3486 379 3538; x_wconf 72' lang='lat' dir='ltr'><strong>usque</strong></span> <span class='ocrx_word' id='word_1_287' title='bbox 399 3469 479 3526; x_wconf 75' lang='lat' dir='ltr'><strong>dena,</strong></span> <span class='ocrx_word' id='word_1_288' title='bbox 506 3472 543 3525; x_wconf 84' lang='lat' dir='ltr'><strong>itu</strong></span> <span class='ocrx_word' id='word_1_289' title='bbox 568 3475 635 3527; x_wconf 89' lang='lat' dir='ltr'><strong>enim</strong></span> <span class='ocrx_word' id='word_1_290' title='bbox 662 3475 746 3542; x_wconf 81' lang='lat' dir='ltr'><strong>iungit</strong></span> <span class='ocrx_word' id='word_1_291' title='bbox 771 3476 939 3530; x_wconf 79' lang='lat' dir='ltr'><strong>Huscrrnrus.</strong></span> <span class='ocrx_word' id='word_1_292' title='bbox 975 3475 1095 3527; x_wconf 88' lang='lat' dir='ltr'><strong>Tibullus</strong></span> <span class='ocrx_word' id='word_1_293' title='bbox 1120 3477 1143 3525; x_wconf 87' lang='lat' dir='ltr'><strong>si</strong></span> <span class='ocrx_word' id='word_1_294' title='bbox 1167 3488 1225 3521; x_wconf 80' lang='lat' dir='ltr'><strong>mox</strong></span> <span class='ocrx_word' id='word_1_295' title='bbox 1250 3487 1311 3524; x_wconf 92' lang='lat' dir='ltr'><strong>cum</strong></span> 
     </span>
     <span class='ocr_line' id='line_1_32' title="bbox 294 3566 1311 3646; baseline 0.004 -27"><span class='ocrx_word' id='word_1_296' title='bbox 294 3566 396 3619; x_wconf 78' lang='lat' dir='ltr'><strong>saeviet</strong></span> <span class='ocrx_word' id='word_1_297' title='bbox 421 3570 529 3637; x_wconf 82' lang='lat' dir='ltr'><strong>iungere</strong></span> <span class='ocrx_word' id='word_1_298' title='bbox 553 3575 671 3642; x_wconf 79' lang='lat' dir='ltr'><strong>volebat,</strong></span> <span class='ocrx_word' id='word_1_299' title='bbox 695 3584 799 3646; x_wconf 80' lang='lat' dir='ltr'><strong>poterut</strong></span> <span class='ocrx_word' id='word_1_300' title='bbox 823 3584 894 3631; x_wconf 84' lang='lat' dir='ltr'><strong>recte</strong></span> <span class='ocrx_word' id='word_1_301' title='bbox 917 3575 1003 3626; x_wconf 87' lang='lat' dir='ltr'><strong>dicere</strong></span> <span class='ocrx_word' id='word_1_302' title='bbox 1028 3574 1082 3627; x_wconf 81' lang='lat' dir='ltr'><strong>sic:</strong></span> <span class='ocrx_word' id='word_1_303' title='bbox 1113 3574 1147 3622; x_wconf 81' lang='lat' dir='ltr'><strong>At</strong></span> <span class='ocrx_word' id='word_1_304' title='bbox 1171 3575 1199 3621; x_wconf 88' lang='lat' dir='ltr'><strong>tu</strong></span> <span class='ocrx_word' id='word_1_305' title='bbox 1223 3569 1311 3623; x_wconf 88' lang='lat' dir='ltr'><strong>ridere</strong></span> 
     </span>
     <span class='ocr_line' id='line_1_33' title="bbox 295 3666 1312 3737; baseline 0 -17"><span class='ocrx_word' id='word_1_306' title='bbox 295 3666 361 3731; x_wconf 89' lang='lat' dir='ltr'><strong>noli,</strong></span> <span class='ocrx_word' id='word_1_307' title='bbox 386 3668 486 3720; x_wconf 79' lang='lat' dir='ltr'><strong>saeviet</strong></span> <span class='ocrx_word' id='word_1_308' title='bbox 509 3672 589 3725; x_wconf 78' lang='lat' dir='ltr'><strong>Amor</strong></span> <span class='ocrx_word' id='word_1_309' title='bbox 613 3691 674 3728; x_wconf 83' lang='lat' dir='ltr'><strong>mox</strong></span> <span class='ocrx_word' id='word_1_310' title='bbox 701 3678 779 3729; x_wconf 85' lang='lat' dir='ltr'><strong>etiarn</strong></span> <span class='ocrx_word' id='word_1_311' title='bbox 805 3676 859 3728; x_wconf 83' lang='lat' dir='ltr'><strong>tibi.</strong></span> <span class='ocrx_word' id='word_1_312' title='bbox 894 3673 1001 3726; x_wconf 87' lang='lat' dir='ltr'><strong>Minime</strong></span> <span class='ocrx_word' id='word_1_313' title='bbox 1028 3685 1089 3723; x_wconf 84' lang='lat' dir='ltr'><strong>vero</strong></span> <span class='ocrx_word' id='word_1_314' title='bbox 1116 3675 1312 3737; x_wconf 79' lang='lat' dir='ltr'><strong>exspectamus:</strong></span> 
     </span>
     <span class='ocr_line' id='line_1_34' title="bbox 294 3761 1314 3849; baseline 0.002 -31"><span class='ocrx_word' id='word_1_315' title='bbox 294 3767 393 3819; x_wconf 84' lang='lat' dir='ltr'><strong>saeviet</strong></span> <span class='ocrx_word' id='word_1_316' title='bbox 412 3768 492 3820; x_wconf 80' lang='lat' dir='ltr'><strong>Amor</strong></span> <span class='ocrx_word' id='word_1_317' title='bbox 510 3761 571 3823; x_wconf 74' lang='lat' dir='ltr'><strong>mna</strong></span> <span class='ocrx_word' id='word_1_318' title='bbox 591 3774 636 3826; x_wconf 92' lang='lat' dir='ltr'><strong>tibi</strong></span> <span class='ocrx_word' id='word_1_319' title='bbox 656 3781 784 3844; x_wconf 72' lang='lat' dir='ltr'><strong>puerpetuo</strong></span> <span class='ocrx_word' id='word_1_320' title='bbox 803 3789 851 3827; x_wconf 84' lang='lat' dir='ltr'><strong>nec</strong></span> <span class='ocrx_word' id='word_1_321' title='bbox 870 3787 982 3826; x_wconf 82' lang='lat' dir='ltr'><strong>cessans.</strong></span> <span class='ocrx_word' id='word_1_322' title='bbox 1019 3770 1091 3823; x_wconf 88' lang='lat' dir='ltr'><strong>Idem</strong></span> <span class='ocrx_word' id='word_1_323' title='bbox 1113 3767 1253 3849; x_wconf 84' lang='lat' dir='ltr'><strong>¹dicendum</strong></span> <span class='ocrx_word' id='word_1_324' title='bbox 1280 3766 1314 3820; x_wconf 90' lang='lat' dir='ltr'><strong>de</strong></span> 
     </span>
     <span class='ocr_line' id='line_1_35' title="bbox 295 3867 1314 3926; baseline 0.002 -9"><span class='ocrx_word' id='word_1_325' title='bbox 295 3867 406 3920; x_wconf 86' lang='lat' dir='ltr'><strong>lectione</strong></span> <span class='ocrx_word' id='word_1_326' title='bbox 430 3867 530 3921; x_wconf 81' lang='lat' dir='ltr'><strong>ieiuna:</strong></span> <span class='ocrx_word' id='word_1_327' title='bbox 560 3888 613 3922; x_wconf 82' lang='lat' dir='ltr'><strong>rum</strong></span> <span class='ocrx_word' id='word_1_328' title='bbox 639 3891 734 3926; x_wconf 73' lang='lat' dir='ltr'><strong>ranem.</strong></span> <span class='ocrx_word' id='word_1_329' title='bbox 780 3872 902 3925; x_wconf 83' lang='lat' dir='ltr'><strong>Ceterum</strong></span> <span class='ocrx_word' id='word_1_330' title='bbox 924 3869 1027 3922; x_wconf 78' lang='lat' dir='ltr'><strong>ruer-irc</strong></span> <span class='ocrx_word' id='word_1_331' title='bbox 1052 3886 1074 3922; x_wconf 90' lang='lat' dir='ltr'><strong>c.</strong></span> <span class='ocrx_word' id='word_1_332' title='bbox 1101 3867 1152 3921; x_wconf 88' lang='lat' dir='ltr'><strong>dat.</strong></span> <span class='ocrx_word' id='word_1_333' title='bbox 1179 3872 1208 3919; x_wconf 89' lang='lat' dir='ltr'><strong>nt</strong></span> <span class='ocrx_word' id='word_1_334' title='bbox 1231 3867 1314 3919; x_wconf 81' lang='lat' dir='ltr'><strong>Ovln.</strong></span> 
     </span>
     <span class='ocr_line' id='line_1_36' title="bbox 295 3965 1315 4038; baseline -0.004 -19"><span class='ocrx_word' id='word_1_335' title='bbox 295 3965 402 4021; x_wconf 86' lang='lat' dir='ltr'><strong>Heroid.</strong></span> <span class='ocrx_word' id='word_1_336' title='bbox 422 3968 467 4033; x_wconf 79' lang='lat' dir='ltr'><strong>lv,</strong></span> <span class='ocrx_word' id='word_1_337' title='bbox 490 3973 600 4023; x_wconf 59' lang='grc'><strong>1411-</strong></span> <span class='ocrx_word' id='word_1_338' title='bbox 620 3973 651 4021; x_wconf 80' lang='lat' dir='ltr'><strong>l&#39;.</strong></span> <span class='ocrx_word' id='word_1_339' title='bbox 672 3975 702 4021; x_wconf 84' lang='grc'><strong>91</strong></span> <span class='ocrx_word' id='word_1_340' title='bbox 726 3989 782 4038; x_wconf 82' lang='lat' dir='ltr'><strong>sqq.</strong></span> <span class='ocrx_word' id='word_1_341' title='bbox 802 3973 965 4036; x_wconf 78' lang='lat' dir='ltr'><strong>miseros,</strong></span> <span class='ocrx_word' id='word_1_342' title='bbox 983 3986 1030 4023; x_wconf 79' lang='lat' dir='ltr'><strong>usu</strong></span> <span class='ocrx_word' id='word_1_343' title='bbox 1049 3969 1150 4033; x_wconf 87' lang='lat' dir='ltr'><strong>crebro,</strong></span> <span class='ocrx_word' id='word_1_344' title='bbox 1168 3966 1201 4019; x_wconf 82' lang='lat' dir='ltr'><strong>cl.</strong></span> <span class='ocrx_word' id='word_1_345' title='bbox 1222 3965 1315 4017; x_wconf 69' lang='lat' dir='ltr'><strong>Lucu-</strong></span> 
     </span>
     <span class='ocr_line' id='line_1_37' title="bbox 295 4060 1315 4135; baseline -0.002 -18"><span class='ocrx_word' id='word_1_346' title='bbox 295 4081 383 4118; x_wconf 78' lang='lat' dir='ltr'><strong>uana.</strong></span> <span class='ocrx_word' id='word_1_347' title='bbox 409 4066 442 4119; x_wconf 85' lang='lat' dir='ltr'><strong>ud</strong></span> <span class='ocrx_word' id='word_1_348' title='bbox 468 4068 547 4135; x_wconf 86' lang='lat' dir='ltr'><strong>Prop.</strong></span> <span class='ocrx_word' id='word_1_349' title='bbox 573 4086 598 4135; x_wconf 84' lang='lat' dir='ltr'><strong>p,</strong></span> <span class='ocrx_word' id='word_1_350' title='bbox 618 4072 660 4118; x_wconf 81' lang='grc'><strong>66.</strong></span> <span class='ocrx_word' id='word_1_351' title='bbox 685 4091 714 4107; x_wconf 87' lang='lat'><strong>·-</strong></span> <span class='ocrx_word' id='word_1_352' title='bbox 745 4070 893 4124; x_wconf 86' lang='lat' dir='ltr'><strong>subdere</strong></span> <span class='ocrx_word' id='word_1_353' title='bbox 918 4069 1018 4122; x_wconf 86' lang='lat' dir='ltr'><strong>coilu.</strong></span> <span class='ocrx_word' id='word_1_354' title='bbox 1062 4065 1174 4119; x_wconf 88' lang='lat' dir='ltr'><strong>Locutio</strong></span> <span class='ocrx_word' id='word_1_355' title='bbox 1200 4060 1263 4111; x_wconf 78' lang='lat' dir='ltr'><strong>doro</strong></span> <span class='ocrx_word' id='word_1_356' title='bbox 1289 4067 1315 4111; x_wconf 87' lang='lat' dir='ltr'><strong>et</strong></span> 
     </span>
     <span class='ocr_line' id='line_1_38' title="bbox 296 4162 1315 4240; baseline -0.002 -26"><span class='ocrx_word' id='word_1_357' title='bbox 296 4163 407 4219; x_wconf 79' lang='lat' dir='ltr'><strong>subdere</strong></span> <span class='ocrx_word' id='word_1_358' title='bbox 427 4166 524 4221; x_wconf 84' lang='lat' dir='ltr'><strong>collum</strong></span> <span class='ocrx_word' id='word_1_359' title='bbox 539 4183 635 4221; x_wconf 86' lang='lat' dir='ltr'><strong>uuuca</strong></span> <span class='ocrx_word' id='word_1_360' title='bbox 655 4171 731 4234; x_wconf 74' lang='lat' dir='ltr'><strong>iugo,</strong></span> <span class='ocrx_word' id='word_1_361' title='bbox 754 4185 855 4224; x_wconf 88' lang='lat' dir='ltr'><strong>nuncu</strong></span> <span class='ocrx_word' id='word_1_362' title='bbox 875 4174 971 4225; x_wconf 88' lang='lat' dir='ltr'><strong>catenis</strong></span> <span class='ocrx_word' id='word_1_363' title='bbox 990 4168 1101 4240; x_wconf 90' lang='lat' dir='ltr'><strong>petitur,</strong></span> <span class='ocrx_word' id='word_1_364' title='bbox 1121 4166 1264 4232; x_wconf 86' lang='lat' dir='ltr'><strong>diciturque</strong></span> <span class='ocrx_word' id='word_1_365' title='bbox 1283 4162 1315 4213; x_wconf 91' lang='lat' dir='ltr'><strong>de</strong></span> 
     </span>
    </p>
   </div>
   <div class='ocr_carea' id='block_1_7' title="bbox 0 0 1510 4725">
    <p class='ocr_par' dir='ltr' id='par_1_7' title="bbox 0 0 1510 4725">
     <span class='ocr_line' id='line_1_39' title="bbox 0 0 1510 4725; baseline 0 1"><span class='ocrx_word' id='word_1_366' title='bbox 0 0 1510 4725; x_wconf 95' lang='lat' dir='ltr'><strong> </strong></span> 
     </span>
    </p>
   </div>
  </div>
 </body>
</html>
