3009 4725
542 422 730 524 rpumr.
1074 461 1146 505 m,

118 607 190 668 blm
204 601 301 674 huius
319 593 514 664 collectionis
528 596 661 662 verbum
675 595 817 662 addetur.
857 601 903 664 Ac
915 606 1052 686 primum
1074 614 1145 695 qul.

120 717 193 780 dem
207 715 385 781 carminum
409 731 530 789 eorum,
551 711 664 795 quibus
681 712 838 795 Sulpiciae
853 729 885 779 et
899 717 1042 786 Cerinthi
1059 748 1146 792 amo.

120 850 171 893 res
192 842 366 906 canuntur,
392 843 446 888 me
468 824 630 886 Tibullum
661 837 820 889 auctorem
848 829 965 894 habere
986 857 1057 900 cum
1078 841 1146 905 aliis

122 963 219 1024 supra
239 941 355 1006 vidisti
395 936 596 1021 Quemquam
617 936 712 1017 iginsr
733 940 810 1001 haec
831 942 940 1007 brevia
963 967 1146 1028 argumenta

123 1054 332 1117 divisionibus
358 1072 466 1114 rerum
493 1051 529 1112 in
554 1061 659 1129 partes
686 1052 902 1134 frequentibus
930 1062 1035 1126 minus
1065 1080 1146 1148 apta,

10 1183 13 1188 ·
125 1180 231 1229 temen
251 1167 313 1227 hoc
334 1164 495 1226 artificium
517 1163 732 1225 Tibullisnum
760 1167 875 1247 passim
902 1174 993 1238 etism
1013 1178 1065 1241 hic
1091 1182 1145 1246 sd·

124 1279 261 1342 hibitum
282 1274 388 1342 rideas
407 1275 590 1353 manifesto,
616 1276 674 1340 ubi
695 1277 904 1345 commodum.
931 1259 937 1268 .
969 1277 977 1288 ’

121 1420 218 1499 1V,2.
237 1418 324 1482 Illius
348 1437 388 1479 ex
410 1415 528 1493 oculis,
556 1436 628 1479 cum
649 1415 718 1478 vult
742 1438 876 1482 exurere
897 1419 1005 1506 divos,

248 1529 399 1593 Accendit
419 1530 559 1609 geminas
577 1526 738 1610 lampadae
759 1553 831 1595 acer
850 1533 960 1601 Amor.

103 1652 110 1658 “
206 1646 309 1723 ssiam,
334 1639 488 1726 quidquid
510 1641 589 1721 agit,
616 1662 747 1727 quoquo
771 1648 899 1728 vestigia
919 1656 1032 1737 movit,

252 1755 420 1836 componit
442 1754 549 1816 furtim
571 1755 836 1841 subsequiturque
858 1761 975 1829 Decor.

212 1865 276 1930 Seu
294 1867 387 1930 solvit
408 1868 522 1945 crines,
547 1867 625 1930 fusis
647 1865 735 1932 decet
756 1891 822 1935 esse
842 1877 978 1957 capillis:

252 1980 317 2044 Seu
339 1981 488 2062 compsit,
518 1983 646 2062 comptis
669 1995 715 2045 est
735 1986 916 2050 venerenda
937 1994 1043 2056 comis.

206 2092 292 2171 Urit,
318 2114 375 2157 seu
396 2093 494 2176 Tyria
514 2094 615 2157 voluit
635 2095 807 2176 procedere
825 2101 929 2181 pulle:

249 2207 338 2286 Urit,
368 2229 424 2270 seu
445 2207 538 2271 nives
560 2206 693 2270 candida
714 2221 799 2275 veste
820 2212 918 2278 venit.

598 2322 669 2336 ——1

124 2375 218 2455 ms.
237 2374 364 2455 Sancte,
385 2376 475 2454 veui,
497 2387 663 2459 tecumque
684 2378 781 2458 feras,
803 2382 984 2466 quicunque
1006 2403 1144 2467 sapores,

253 2486 440 2572 Quicunque
463 2500 495 2552 et
515 2500 625 2551 cantus
647 2509 781 2572 corpore
803 2493 884 2557 fessa
903 2498 1021 2561 levant.

78 2715 87 2732 ,
124 2650 220 2733 1V,s.
239 2655 334 2716 Parce
353 2676 425 2719 meo
446 2656 569 2735 iuveni,
600 2676 655 2717 seu
680 2656 750 2737 quis
773 2658 858 2717 bone
877 2679 993 2738 pascua
1012 2667 1113 2746 campi

256 2765 319 2828 Seu
340 2770 414 2829 colis
434 2768 577 2831 umbrosi
597 2766 690 2831 devia
710 2765 825 2830 montis
846 2787 932 2849 sper.

595 2884 668 2899 m

122 2935 202 3001 lbid.
224 2932 306 3012 Quis
327 2935 418 2997 furor
437 2949 497 3015 est,
518 2957 599 3020 quae
621 2957 725 3017 mens,
749 2934 863 2999 densos
881 2934 1028 3015 indagine
1050 2942 1145 3003 colles

252 3047 458 3111 Claudentem
480 3062 604 3111 teneras
625 3048 749 3112 laedere
771 3051 850 3113 velle
871 3051 996 3112 mnus?

209 3160 333 3239 Quidve
353 3164 441 3225 iuvat
462 3162 573 3224 furtim
592 3163 728 3225 latebras
751 3163 869 3224 intrare
891 3162 1032 3224 ferarum

253 3274 458 3359 Candidaque
479 3277 613 3338 hamatis
636 3298 726 3339 crura
746 3288 856 3337 notare
877 3270 988 3338 rubis?

123 3388 238 3454 Colles.
251 3390 454 3468 Tib.1,4,47:
475 3388 584 3451 Necte
596 3390 753 3471 paeniteat
768 3385 864 3450 duros
877 3387 1009 3451 subiisse
1020 3388 1145 3455 labores

248 3500 316 3563 Aut
335 3521 432 3584 opera
452 3503 590 3564 insuetas
611 3502 773 3565 ntteruisse
794 3520 912 3577 manus,

208 3613 292 3694 Nec,
312 3616 388 3679 velit
408 3613 530 3677 insidiis
552 3616 628 3677 altas
648 3614 675 3675 si
698 3610 844 3678 claudere
865 3613 979 3690 velles,

249 3728 339 3789 Dum
358 3729 501 3809 placeas,
528 3729 639 3790 humeri
656 3729 734 3789 retia
756 3729 838 3788 ferre
858 3737 981 3805 negent.

123 3862 219 3941 Quod
248 3868 334 3929 enim
365 3869 460 3931 simul
495 3870 572 3931 bins
610 3888 724 3948 genera
758 3867 973 3927 membrorum
1007 3862 1147 3942 corporis

123 3981 285 4044 nominata
314 3995 389 4045 sunt
422 3983 459 4044 in
489 3982 540 4045 his
572 3982 688 4044 ultimis
718 3979 894 4055 sententiis,
933 3998 998 4039 non
1031 3989 1147 4038 temere

121 4092 239 4155 lectum
259 4107 351 4175 puts,
372 4092 429 4158 sed
446 4108 579 4177 propter
596 4093 837 4158 concinnitatem
850 4090 1029 4170 divisionis,
1053 4110 1147 4174 quam
