3009 4725
312 349 352 409 ss
550 349 829 450 connrnnnun
850 357 896 421 ιιι
917 359 1090 425 urrunnu

312 523 402 576 eadem
420 537 507 577 rerum
525 526 689 592 compositio.
726 528 864 583 Fullonlur
883 537 970 585 autern
988 534 1032 601 qui
1049 533 1083 586 de
1099 536 1218 591 collectis
1236 549 1264 594 et
1282 541 1329 594 de-

310 624 391 693 reptis
416 638 482 690 rogo
509 623 611 676 ossibus
635 624 669 676 sd
692 625 821 680 officinam
846 631 974 696 magicam
999 632 1171 685 instruendam
1195 635 1328 693 Tibullum

309 722 473 787 intelligunt,
491 737 559 789 quae
576 737 619 774 res
636 724 694 776 aliis
714 725 778 778 loeis
796 727 878 791 lecta,
897 736 926 780 ut
944 745 985 796 ap.
1004 730 1110 784 Lucis.
1130 732 1176 797 Vl,
1195 738 1273 799 63³„
1292 740 1325 788 ab

309 819 359 874 lroc
376 822 435 875 loco
453 821 537 874 alieno
555 827 611 887 est,
635 837 683 875 nec
700 839 760 877 cum
778 827 928 878 evocatione
952 829 1091 881 animarum
1116 834 1235 900 componi
1254 840 1326 887 recte

282 984 284 987 ¹
309 928 398 991 potest
421 928 449 975 et
471 923 592 988 coniungi
617 922 650 974 ad
675 938 751 976 uuam
774 926 937 980 senteutiam.
955 954 990 965 -
1017 927 1049 980 V.
1069 930 1105 980 49
1123 945 1164 996 sq.
1200 932 1325 998 Sequitur

308 1023 418 1075 alterum
435 1037 483 1089 par
500 1017 682 1087 distichorum,
709 1027 737 1073 et
753 1037 821 1074 nuuc
838 1022 942 1089 quidem
960 1024 1063 1079 inverso
1083 1028 1173 1082 ordina
1189 1045 1251 1083 usus
1269 1033 1323 1101 pri·

307 1137 378 1175 mum
394 1123 507 1174 internas
523 1127 648 1186 catervas,
666 1120 760 1174 deinde
776 1128 946 1192 tempestates
960 1128 1028 1180 coeli
1044 1127 1150 1183 exbibet
1165 1147 1245 1199 segra
1261 1132 1327 1185 obe-

307 1220 416 1273 dientes.
436 1219 533 1286 (Qmsi
550 1220 707 1272 Germanice
725 1221 812 1274 dieas:
830 1221 875 1273 ibr
890 1223 1022 1294 gallorcltt
1040 1225 1127 1279 Ober-
1145 1228 1203 1280 und
1223 1231 1324 1282 varer-

306 1320 384 1379 soslt.
406 1323 513 1372 Unter-
529 1319 587 1372 und
603 1318 759 1388 Oberwelt.)
796 1321 874 1378 Quod
892 1330 979 1377 sutem
998 1325 1050 1378 duo
1067 1329 1141 1394 puris
1158 1327 1324 1382 distichorum

308 1423 395 1492 posuit
412 1428 439 1475 et
458 1417 499 1476 bis
516 1419 635 1489 depinxit
651 1437 731 1488 sagae
750 1438 798 1489 per
815 1439 910 1492 supero
930 1431 956 1477 et
974 1426 1073 1478 luterus
1092 1428 1149 1481 loca
1173 1430 1323 1496 potentiam,

306 1528 378 1575 recte
396 1526 423 1573 et
437 1526 531 1574 ornate
549 1520 625 1585 iecit,
653 1534 687 1572 ne
704 1521 779 1572 nimis
797 1520 865 1573 uude
883 1521 998 1588 diceret,
1024 1526 1046 1576 si
1064 1526 1154 1578 semel.
1190 1526 1237 1578 Sic
1253 1526 1324 1578 Pur-

307 1635 397 1674 nsnns
411 1618 491 1684 Pytb.
506 1619 529 1670 Ι.
546 1619 724 1687 oppositurum
743 1622 769 1672 in
786 1619 902 1673 Hierone
919 1622 1043 1675 virtutum
1061 1623 1266 1677 coniunctionem
1285 1624 1325 1678 bis

306 1719 1325 1788 declarat-tenetiuleruasestervas,ls.a.auin1asesocatas;

305 1833 390 1885 neque
408 1817 476 1870 anim
494 1817 556 1869 licet
572 1832 632 1869 cum
650 1817 686 1868 H·
705 1817 805 1870 Vossro
823 1826 932 1886 repente
949 1820 1012 1873 deos
1029 1821 1143 1876 infernos
1169 1825 1322 1890 intelligere,

305 1916 480 1986 Tisiphonen,
511 1914 630 1969 Hecaten
649 1932 708 1968 cum
726 1918 890 1986 serpentibus
908 1921 1082 1987 canibusque,
1109 1939 1174 1990 quas
1196 1940 1219 1976 v.
1238 1937 1261 1976 c.
1280 1939 1322 1990 op.

305 2019 415 2073 Honsr.
433 2020 489 2072 Sat.
507 2017 529 2082 1,
548 2020 575 2082 8,
591 2020 627 2069 tt
645 2031 702 2084 sqq.
719 2019 800 2074 vides.
838 2022 877 2073 De
901 2019 940 2073 lus
963 2040 980 2074 a
996 2022 1101 2075 Tibullo
1127 2040 1186 2077 mox
1213 2022 1320 2087 dicetur,

304 2137 372 2175 nnnc
389 2120 503 2173 infernae
520 2125 640 2171 catervae
661 2121 808 2173 necamsrio
826 2136 859 2173 en
877 2121 1038 2172 antecedenti
1058 2121 1167 2173 disticho
1186 2123 1319 2189 explican-

304 2221 361 2274 dae.
399 2222 437 2273 Ac
457 2233 490 2272 ne
506 2217 574 2271 male
592 2225 619 2270 te
643 2216 737 2270 lrabeat
761 2219 831 2285 quod
855 2218 895 2269 bis
918 2218 950 2269 de
974 2219 1090 2270 manibus
1109 2218 1172 2271 dicit
1191 2219 1319 2286 Tibullus,

304 2317 367 2370 dicit
385 2317 425 2377 bis
442 2318 494 2370 olio
512 2315 599 2383 ruodo,
618 2316 727 2385 primunr
745 2322 775 2369 ut
792 2320 884 2368 evocet
899 2329 945 2367 eas
961 2331 1034 2381 sagn,
1052 2316 1146 2370 deiude
1163 2324 1192 2371 ut
1209 2334 1257 2388 pro
1275 2335 1320 2373 ar·

304 2419 382 2471 bitrio
400 2424 489 2473 teneat
505 2425 549 2471 aut
567 2418 689 2472 remittat.
732 2418 797 2469 Cum
822 2417 890 2469 enirn
917 2418 1034 2483 animae,
1060 2419 1157 2473 invitae
1176 2437 1242 2488 quae
1259 2437 1319 2473 sur-

304 2526 434 2585 rexerant,
452 2535 529 2587 quam
547 2520 657 2589 primum
676 2518 763 2571 redire
781 2524 907 2586 cuperent
924 2519 950 2570 in
967 2519 1070 2584 quietos
1086 2521 1171 2588 sedes,
1189 2538 1239 2575 nou
1256 2538 1322 2590 pos-

302 2631 362 2677 sent
385 2639 447 2676 vero
472 2623 593 2690 quamdiu
618 2623 699 2675 nollet
722 2637 801 2687 sago,
830 2622 975 2674 luculenter
992 2624 1070 2675 etism
1089 2624 1127 2676 sic
1144 2625 1320 2678 laudatur‘ris

303 2724 378 2777 liuius
395 2724 513 2789 feminae,
531 2728 562 2776 ot
578 2728 667 2775 monet
684 2722 763 2774 etiam
782 2719 1004 2774 lluoncrtunsros.
1041 2721 1135 2774 Divisit
1152 2731 1238 2776 notem
1256 2721 1320 2777 llaec

301 2825 339 2877 ita
349 2825 477 2888 Tibullus,
494 2823 555 2888 qnia
573 2822 651 2874 etiarn
670 2821 702 2873 de
718 2821 820 2888 superis
839 2821 916 2874 rebus
934 2822 975 2873 bis
993 2820 1082 2874 dicere
1099 2824 1204 2876 volebat
1221 2830 1248 2877 et
1265 2823 1319 2877 duo

303 2926 375 2994 paria
393 2921 561 2977 distichorum
585 2935 683 2989 ponere
708 2920 758 2972 sibi
782 2920 981 2989 respondentia,
1009 2922 1223 2988 quemadmodum
1241 2939 1320 2991 suprs

302 3023 399 3077 monui.
437 3018 513 3074 Unde
537 3020 582 3085 qui
606 3019 678 3069 loeus
702 3017 835 3069 continuat
861 3019 976 3085 priorem
1001 3017 1035 3071 de
1054 3022 1204 3074 evocatione
1221 3022 1320 3073 anima-

302 3137 369 3185 rum,
386 3120 463 3172 simul
481 3124 566 3170 tamen
585 3115 752 3183 distinguitur
769 3117 802 3168 ab
821 3131 853 3168 eo
871 3124 899 3168 et
916 3118 1057 3186 opponitur
1074 3120 1202 3185 sequenti.
1239 3119 1319 3171 Cete-

302 3237 359 3274 rum
375 3220 409 3273 sd
427 3222 525 3272 tenet
545 3215 579 3268 ci.
597 3217 679 3269 Puru.
698 3216 899 3280 xxxvl1,rs.
918 3218 1049 3271 laudatum
1071 3235 1086 3270 a
1105 3218 1318 3270 Bsoocrruusror

301 3320 474 3390 synochitide
493 3317 610 3387 (dieunt)
629 3314 737 3370 umbras
753 3317 904 3378 inferorum
921 3326 1047 3370 avocatus
1065 3316 1158 3369 terreri.
1177 3346 1208 3356 -
1234 3318 1319 3370 Porro

301 3424 434 3489 magico
452 3421 607 3474 stridore
626 3426 666 3472 ast
683 3434 822 3485 murmure,
839 3426 869 3471 ut
886 3422 944 3472 sn..
963 3419 1039 3470 lusu·
1060 3419 1131 3481 Vlll,
1149 3422 1212 3469 6⁰2.
1247 3416 1317 3469 Nasu

301 3534 416 3573 murmur
433 3505 509 3571 notus
527 3520 554 3571 in
572 3518 687 3585 magieis,
704 3518 738 3573 ci.
751 3534 776 3570 ν.
790 3534 815 3571 c·
833 3518 914 3568 Ovrn.
934 3516 998 3568 Met.
1013 3514 1071 3578 vll,
1089 3518 1152 3566 2⁵1.
1190 3515 1248 3568 Alia
1265 3531 1318 3571 vox

301 3617 403 3683 magica
421 3623 462 3668 est
479 3617 600 3682 ululatus,
618 3618 688 3686 quod
706 3619 792 3671 obiter
807 3621 911 3680 annoto,
935 3615 1019 3681 magis
1035 3614 1156 3680 tributus,
1182 3615 1216 3670 ci.
1234 3617 1320 3670 Ovrn.

302 3713 368 3768 Met.
387 3714 446 3779 Vll,
460 3716 521 3767 19⁰.
538 3715 611 3782 xlv,
620 3721 682 3770 405.
699 3717 770 3769 Hos.
787 3715 844 3766 Sat.
862 3714 921 3779 l,8,
934 3716 981 3767 25.
1017 3713 1077 3767 Hoc
1091 3715 1150 3767 loco
1167 3722 1241 3769 tenet
1253 3733 1319 3785 saga

301 3822 418 3869 etiarm
433 3814 583 3883 colloquens
599 3821 627 3868 et
642 3831 766 3885 respousa
781 3829 922 3882 quaeram,
941 3813 975 3869 cl.
993 3811 1105 3867 Hoetu.
1120 3814 1178 3868 Sat.
1189 3814 1211 3881 Ι,
1229 3819 1255 3881 8,
1272 3820 1316 3870 29.

301 3916 425 3971 Celerum
450 3931 486 3969 ex
510 3915 596 3967 verbis
621 3914 738 3967 barbaris
755 3921 782 3967 et
805 3913 967 3982 peregrinis,
995 3913 1121 3978 dimouit,
1144 3913 1320 3966 ineffabilibus

301 4017 455 4070 constabant
471 4014 573 4080 magica
590 4014 718 4078 carmina,
736 4013 771 4065 ci.
789 4014 909 4067 Lumsn.
926 4014 996 4065 Dial.
1014 4017 1120 4065 meretr.
1139 4011 1193 4064 lV:
1215 4006 1318 4079 ἐπῳδήν

300 4130 359 4163 τινα
378 4114 488 4177 λέγουσα
506 4105 633 4179 ἐπιτρόχῳ
650 4111 685 4178 τῇ
700 4105 814 4177 γλώσσῃ,
831 4104 982 4179 βαρβαρικά
1000 4112 1044 4161 sul
1059 4102 1177 4179 φρικώδη
1194 4104 1318 4171 οἰόμιιτα.
1387 4184 1393 4195 ·
1488 4180 1489 4189 ἵ
