3009 4725
327 413 401 456 xciv
736 393 795 455 DE
819 379 939 461 POEst

412 571 470 634 llla
488 581 575 649 regat
597 578 735 647 cunctos,
756 566 803 631 illi
822 569 884 633 sint
906 571 1011 633 omnia
1035 593 1144 636 curae:

455 685 496 747 Et
516 682 603 745 iuvet
622 680 657 743 in
677 693 742 744 tota
763 703 814 744 ms
834 682 916 745 nihil
935 703 1001 747 assa
1024 683 1129 751 domo.

327 803 373 863 Ac
399 798 509 862 'statim
541 799 574 860 in
605 796 708 879 prima
738 796 837 878 elegia
865 795 938 860 licet
964 818 1031 860 non
1064 797 1146 861 dicat
1176 797 1260 862 idam
1290 822 1345 863 ex·

325 914 441 995 prsssis
461 910 576 990 verbis,
596 921 702 973 tamen
726 909 820 974 stiam
842 910 894 973 bic
915 910 1048 976 rusticas
1068 913 1151 977 vitas
1169 912 1346 978 iucundita-

325 1042 388 1092 tem
409 1041 441 1092 at
459 1029 570 1093 nutas
591 1047 732 1092 amorem
755 1026 801 1090 sic
827 1024 867 1093 ad
895 1047 992 1090 unam
1013 1027 1072 1091 otii
1093 1029 1247 1093 fortunati
1268 1031 1346 1093 ima·

325 1145 429 1223 gisem
450 1152 596 1206 revocata
613 1139 718 1218 vides,
747 1153 785 1204 ut
808 1141 941 1205 alterum
965 1144 1004 1205 ab
1030 1144 1129 1207 altaro
1151 1165 1217 1207 non
1240 1144 1345 1209 videa·

325 1270 378 1320 tur
407 1268 511 1322 ments
542 1255 729 1338 disiungere.
782 1256 906 1341 Nempe
937 1261 1109 1343 quaerebat
1135 1260 1282 1325 Tibullus
1311 1262 1345 1324 in

325 1391 432 1434 amora
445 1368 598 1453 placidam
612 1368 870 1436 consuetudinem
883 1386 993 1440 mutua
1007 1372 1068 1436 fids
1082 1394 1233 1454 securam,
1249 1398 1345 1459 quas·

324 1488 414 1548 rebat
429 1484 607 1548 animorum
625 1486 878 1549 coniunctionem
896 1485 1064 1548 iucundam
1085 1507 1157 1548 cum
1177 1508 1236 1550 usu
1258 1501 1344 1550 tran·

325 1600 425 1683 quillo
446 1598 586 1680 puallae‚
618 1619 684 1661 non
707 1598 905 1679 voluptatum
933 1595 1115 1660 dissolutam
1145 1601 1344 1682 varietatem

323 1710 555 1795 parviducens
576 1709 699 1774 divitias
706 1751 716 1788 ,
743 1709 877 1790 gloriam
903 1723 1068 1794 ceteraque
1092 1727 1276 1778 ornamenta
1297 1715 1345 1776 vi·

323 1837 375 1889 tas
403 1839 534 1890 externa
562 1846 638 1909 prae
668 1824 783 1889 smoris
810 1825 934 1904 fructu,
963 1827 1048 1890 huuc
1076 1828 1177 1892 instar
1204 1831 1346 1894 omnim

323 1944 488 2006 censcbctr
512 1952 717 2019 moserata,
737 1938 892 2005 desideria
907 1962 965 2005 sua
981 1941 1119 2008 maxima
1140 1945 1344 2006 contineban-

322 2069 383 2135 tur,
402 2058 454 2120 hic
475 2076 622 2119 curarum
642 2054 778 2135 requies,
799 2055 930 2115 felicitas
950 2073 1082 2116 summa.
1122 2053 1164 2113 Et
1182 2055 1276 2116 talem
1294 2056 1343 2118 ri·

321 2184 386 2233 tam
407 2189 590 2249 agera-cum
612 2168 705 2227 Delia
732 2168 887 2244 cogitabat
913 2167 947 2228 in
968 2166 1052 2228 ruris
1076 2185 1172 2227 aurea
1195 2167 1344 2250 simplici·

321 2295 400 2359 tata,
421 2281 477 2343 ubi
496 2282 574 2343 haec
596 2280 742 2341 omnibus
768 2291 941 2359 praeesset,
960 2280 1027 2360 ipss
1050 2281 1211 2343 frueretur
1230 2304 1291 2346 usu
1312 2297 1343 2346 et

321 2392 470 2475 adspectu
491 2404 611 2454 amatae
626 2391 787 2456 inturbata
806 2404 836 2453 et
851 2392 1061 2475 requiesceret
1077 2394 1112 2457 in
1126 2397 1249 2460 lacertis
1264 2400 1342 2466 aius.

320 2511 375 2572 Est
403 2521 506 2570 autem
534 2527 600 2570 non
632 2505 764 2571 dubium
794 2510 931 2591 puellam
961 2520 993 2571 et
1019 2512 1122 2593 ipsam
1149 2533 1256 2577 carum
1284 2515 1341 2579 ha.

320 2622 425 2686 buissa
446 2635 589 2706 poetam,

322 2768 745 2790 ------
767 2732 856 2822 'quae
880 2759 930 2802 ms
952 2760 1023 2803 cum
1044 2741 1183 2805 mitteret-
1201 2745 1288 2818 urbe,

446 2852 572 2915 Dicitur
592 2864 664 2916 ante
687 2872 797 2919 cinnes
818 2855 1010 2917 consuluisse
1034 2854 1120 2920 deos.

405 2963 526 3031 Cuncta
553 2965 670 3032 dabant
699 2963 838 3030 reditus:
877 2978 982 3027 tamen
1008 2978 1055 3029 est
1081 2966 1229 3030 deterrita
1256 2990 1338 3032 nun.

890 3100 995 3160 quam,

447 3191 533 3270 Quin
555 3192 644 3256 fleret
665 3200 789 3253 nostras
811 3190 1043 3275 respiceretque
1065 3192 1141 3257 viss.

403 3420 507 3484 Flebis
532 3430 563 3481 et
585 3437 696 3485 arsuro
718 3418 856 3501 positum
877 3440 938 3499 me,
959 3420 1062 3501 Delia,
1079 3423 1171 3501 lecto,

445 3533 601 3597 Tristibus
626 3546 657 3597 et
678 3534 813 3599 lacrimis
835 3539 941 3600 oscula
962 3539 1061 3603 mixta
1082 3539 1182 3605 dabis.

316 3647 357 3709 Et
377 3644 453 3730 quid
474 3647 600 3710 suavius
621 3648 671 3711 his
691 3650 814 3713 verbis:

400 3762 483 3824 Tum
501 3763 625 3827 veniam
647 3765 752 3829 subito
774 3768 1017 3851 necquicquam
1039 3770 1159 3832 nuntiet
1181 3783 1262 3849 ante,

441 3878 506 3945 Sed
526 3878 634 3945 videar
655 3885 744 3949 coelo
763 3883 876 3951 missus
897 3884 1004 3948 adessa
1025 3885 1093 3947 tibi.

399 3995 489 4056 Tunc
514 3994 606 4074 mihi,
628 3998 729 4081 quslis
753 3998 835 4074 cris,
855 3999 964 4078 longos
987 3999 1113 4065 turbata
1134 3998 1269 4079 capillos,

443 4105 544 4175 Obvia
567 4110 703 4188 nudato,
722 4110 839 4187 Delia,-
851 4130 940 4172 curre
962 4108 1051 4191 pede.
