3009 4725
482 248 591 313 LlBR.
613 252 669 314 lv.
712 250 840 316 CARM.
863 253 887 315 1.
1125 261 1185 317 391

164 432 247 481 artam
261 424 412 477 varietatene
430 433 489 472 cum
506 416 540 471 de
555 419 749 474 constructione
766 422 907 490 particulae
922 431 955 473 ur
969 422 1138 479 dubitaretur.
1150 452 1186 463 -

165 528 289 595 Sequitur
313 540 381 576 uunc
407 523 480 574 locus
506 521 584 573 etiem
608 520 759 588 difficilior,
787 525 860 577 cuius
886 540 953 593 quae
977 527 1012 577 sit
1035 541 1095 577 vera
1121 540 1186 578 con-

164 627 282 692 structio,
299 639 395 693 anceps
414 629 456 675 est
473 619 605 673 iudicium.
642 621 784 675 Videamus
801 626 885 677 varlas
900 627 1023 691 rationes,
1041 641 1104 692 quas
1119 601 1185 677 inire

165 727 255 794 pessis.
293 725 409 776 Primum
427 725 538 789 possunt
555 720 641 772 omnia
659 736 710 773 una
730 722 836 789 periodo
855 722 1046 792 comprehendi,
1066 731 1096 775 ut
1113 724 1183 775 Sca-

164 842 251 879 urcnu
272 825 348 889 lecit,
367 825 419 875 sice
449 825 483 874 At
501 821 522 872 ri
543 821 657 872 carmine
675 836 733 873 mea
751 823 841 875 laudes
859 825 965 877 meritas
983 825 1116 889 dedclant,
1135 822 1182 875 bu·

163 928 230 978 milis
254 928 303 976 sim
328 922 446 976 laudator
471 921 550 972 tantis
574 921 640 972 actis
663 936 747 987 neque
771 926 875 976 omnino
899 925 1032 991 quisquam
1050 923 1119 977 tacta
1136 929 1183 975 tua
1210 903 1219 910 ¹

165 1015 268 1091 praeter
286 1015 313 1073 te
336 1023 400 1074 satis
423 1020 503 1086 digne
528 1018 677 1072 describere
703 1022 801 1088 possit,
830 1030 870 1075 est
888 1024 962 1076 nobis
979 1023 1092 1077 voluisse
1108 1025 1181 1076 satis.

163 1125 314 1187 Sequuntur
332 1120 381 1173 boc
399 1121 477 1186 vulgo
494 1116 665 1187 interpretes,
694 1120 742 1172 nisi
768 1121 838 1187 quod
862 1121 1009 1187 illaturus,
1036 1122 1182 1174 Wnnnnre-

163 1235 273 1272 arculus
299 1224 326 1270 et
349 1217 473 1271 Bscnrns
497 1217 616 1270 Murum
637 1219 798 1285 aliorumque
816 1221 954 1273 lectionem
972 1239 1005 1271 ae
1023 1221 1181 1290 praeierunt,

163 1316 368 1384 quandoquidem
385 1331 439 1369 non
458 1321 510 1369 mna
529 1318 661 1384 oppositio
686 1316 728 1370 bic
749 1334 808 1371 esse
826 1319 928 1372 videtur
946 1336 1023 1387 quam
1047 1321 1181 1373 continna-

164 1416 201 1467 tin
219 1413 433 1467 antecedentium.
470 1416 557 1480 Atque
581 1416 619 1466 ite
645 1417 721 1467 etiarn
745 1415 807 1468 mibi
833 1418 926 1485 placet.
962 1420 1046 1472 Porro
1064 1421 1179 1474 Vossrus

162 1530 223 1567 cum
236 1515 355 1568 Hsrnsro
374 1514 517 1580 asyndeton
536 1522 653 1568 removet
671 1516 801 1569 scribenss
817 1516 956 1589 tantisque
970 1518 1087 1573 humilis.
1124 1521 1179 1574 Sed

53 1623 56 1630 ¹
163 1613 212 1666 boc
231 1614 308 1667 mode
328 1616 466 1668 collocatio
488 1616 626 1669 uerborum
645 1617 761 1670 deterior
784 1617 829 1681 tlt,
857 1632 914 1669 cum
933 1617 972 1669 ris
989 1618 1133 1668 sententiae
1152 1619 1177 1670 in

162 1732 186 1766 v.
205 1714 341 1768 humilis
359 1718 406 1782 sit,
424 1733 457 1770 ae
475 1722 547 1784 patet
563 1733 643 1770 cause
661 1716 794 1782 asyndeti,
812 1718 835 1770 si
853 1716 956 1784 quidem
974 1718 1031 1785 ipsa
1048 1717 1177 1769 sententie

160 1813 316 1866 antecedens
333 1815 458 1880 repetitur
478 1815 632 1883 explicatius
652 1829 711 1867 cum
728 1814 880 1880 gradatione
897 1814 1022 1881 quadam,
1048 1816 1177 1868 clauditur

161 1919 248 1966 autem
277 1914 395 1980 gradatio
425 1915 570 1968 sententiae
597 1915 676 1968 tertio
706 1913 809 1966 demum
837 1914 967 1978 membro,
1000 1913 1044 1964 ubi
1073 1914 1175 1981 copula.

159 2015 257 2067 Tamen
276 2029 327 2067 non
346 2031 414 2083 nego
437 2017 556 2085 poeticae
582 2016 693 2070 orationi
714 2016 740 2068 in
758 2017 804 2068 tali
822 2030 852 2068 re
869 2015 953 2081 magis
971 2015 1109 2067 cennenire
1127 2027 1174 2067 ce·

158 2115 314 2181 putationem
340 2119 454 2170 omnium
480 2117 655 2171 membrarum
680 2133 757 2185 quam
775 2117 918 2185 asyndeton
944 2118 970 2168 in
995 2116 1081 2169 medio
1106 2117 1172 2168 ioco.

158 2218 244 2281 Atque
271 2217 334 2270 baec
359 2222 462 2284 quidem
491 2219 524 2271 de
549 2219 597 2273 bis.
644 2221 702 2273 bito
727 2219 807 2273 modo
834 2219 994 2271 ilnscnrrus
1020 2221 1061 2269 est
1088 2217 1174 2269 omnia

158 2313 308 2377 complexus
325 2327 375 2364 una
394 2315 503 2380 periodo
521 2319 574 2368 stc:
594 2319 629 2369 At
646 2318 669 2370 sl
688 2322 803 2373 carmina
821 2320 925 2388 poenica
943 2317 1064 2372 deliciunt
1081 2316 1171 2371 laudes

158 2415 223 2473 tuac
241 2411 264 2460 si
282 2408 336 2477 (pr.
350 2410 413 2476 sim)
433 2409 536 2461 humilis
554 2411 716 2468 historiarum
736 2420 856 2470 conditor
874 2422 952 2487 tantis
971 2423 1036 2474 actis
1053 2419 1109 2472 scil.
1125 2419 1173 2471 de·

157 2509 240 2572 liciat,
261 2523 345 2575 sueque
363 2508 430 2560 alius
448 2509 583 2573 quisquam
608 2509 677 2562 tacta
701 2517 743 2562 tna
765 2519 867 2578 praeter
885 2520 911 2564 te
929 2514 1007 2579 digne
1025 2517 1173 2570 describere

156 2612 243 2673 queat,
261 2610 302 2657 est
319 2604 392 2658 nobis
410 2604 525 2657 noluisse
541 2606 614 2660 satis.
652 2607 728 2661 Quae
742 2606 838 2658 nemini
852 2608 977 2674 placitura
991 2610 1083 2672 cred03
1101 2615 1171 2677 qued

156 2708 312 2773 imaginatur
336 2708 375 2760 vir
401 2708 495 2760 domus
522 2706 642 2759 carminis
668 2702 766 2757 heroici
792 2703 951 2757 conditorem
975 2711 1002 2757 et
1026 2707 1172 2773 pedestrem

154 2808 308 2873 scriptorem
334 2806 499 2858 historiarum
524 2805 573 2858 sibi
601 2808 715 2876 opponi,
743 2805 945 2859 distinctioribus
969 2803 1055 2858 verbis
1072 2804 1098 2856 id
1117 2807 1172 2860 lieri

155 2903 268 2956 debebat
286 2920 362 2971 quam
381 2903 422 2958 bic
440 2905 605 2972 estfactum,
623 2923 657 2961 ne
677 2907 764 2961 dicam
782 2907 815 2960 dc
831 2907 925 2961 ceteris
942 2921 1008 2975 quae
1027 2904 1171 2974 displicent.

154 2999 295 3053 Videamus
320 3018 399 3070 porro
423 3004 490 3055 aiios
515 2986 624 3057 modos*
653 3005 806 3074 Numquae
832 3006 859 3060 in
884 3004 1096 3060 antecedentibus
1121 3019 1172 3057 uns

153 3106 194 3154 est
211 3103 265 3155 viss
284 3103 420 3171 periodus,
439 3111 528 3172 potest
547 3107 624 3160 etium
643 3107 738 3173 dividi,
758 3113 785 3161 ct
804 3109 914 3177 primurn
932 3106 1037 3175 quidem
1055 3106 1108 3157 sicr
1137 3106 1171 3156 At

151 3199 174 3251 si
192 3203 304 3255 carmina
323 3218 380 3256 mea
397 3204 487 3257 laudes
507 3212 567 3260 tuas
586 3208 723 3274 deliciunt,
747 3210 870 3262 estasim
889 3206 991 3260 humilis
1009 3204 1087 3258 tantis
1104 3205 1170 3257 actis

150 3303 284 3370 eonditor,
307 3319 357 3358 nec
375 3309 470 3373 poterit
491 3309 598 3360 omniuo
619 3311 755 3376 quisquam
779 3308 858 3375 digne
884 3314 911 3360 te
936 3305 1042 3360 laudare
1068 3312 1171 3376 practer

150 3402 288 3471 teipsum.
325 3403 375 3457 Est
392 3407 466 3459 nobis
484 3406 596 3458 voluisse
615 3407 686 3458 satis.
723 3406 778 3459 Sed
803 3408 908 3459 minime
931 3406 1018 3473 placet
1042 3405 1116 3458 nobis
1141 3410 1170 3455 ut

150 3502 307 3556 Gouaunao
332 3486 382 3557 boc
410 3519 493 3571 genus
518 3504 725 3558 constructionis.
762 3505 858 3558 Restat
883 3505 966 3571 igitur
991 3506 1083 3557 ultima
1106 3501 1174 3553 ratio

149 3603 350 3671 consideranda,
376 3623 453 3674 quarn
480 3607 592 3674 probare
622 3606 817 3661 Lacnsarrnus
845 3606 960 3658 videtur.
1015 3605 1084 3655 (ium
1110 3602 1179 3651 enim

148 3699 227 3765 vulgo
245 3718 263 3749 o
282 3704 384 3756 meritis
401 3708 521 3773 legatur,
545 3706 583 3759 sic
604 3710 747 3766 construit:
776 3706 824 3772 „Si
844 3720 883 3755 ex
901 3706 1077 3774 praestantia
1090 3696 1188 3750 iudices

149 3798 262 3848 carmina
279 3815 301 3849 s.
320 3798 342 3851 si
360 3820 374 3853 a
393 3804 492 3859 meritis
510 3822 541 3860 ea
560 3805 668 3881 laudes,
694 3815 758 3870 haec
779 3804 898 3876 quidem
919 3808 1079 3869 deficiant,
1097 3795 1197 3855 bubuli*

147 3893 196 3945 sina
222 3894 341 3948 conditor
366 3904 442 3953 tantis
467 3905 533 3957 sctis
557 3921 641 3974 neque
669 3918 776 3983 omnino
803 3905 964 3978 (illimem
977 3925 1030 3978 ress
1062 3907 1126 3954 tuna
1140 3892 1212 3955 &ltili

148 3994 301 4049 laudaverit.
333 3978 386 4051 'Est
415 4002 488 4055 nobis
515 4010 630 4074 uoluisse
659 4024 751 4103 ⁸all⁵·“
791 4009 872 4069 Nm
906 4025 1058 4092 ,mmm
1096 4006 1142 4056 eat
1159 3990 1230 4044 elram
