3009 4725
562 385 745 454 TlBULU·
1075 418 1173 462 cxxxx

142 562 252 628 caedes
273 573 306 625 et
325 571 455 644 ruptus,
483 578 567 621 mors
589 567 620 619 et
639 569 801 638 senectus,
823 559 946 646 alioque
966 557 1065 629 mulis
1086 567 1172 631 simi-

144 682 185 742 lis
202 678 382 744 coniuncte.
425 671 521 735 Dicas
535 691 600 734 non
615 674 709 733 telem
724 671 880 737 rationem
893 674 1019 743 distichi
1034 682 1059 761 1,
1072 690 1102 756 8,
1116 687 1171 749 192

229 784 350 853 Cantus
374 785 487 850 vicinis
509 785 614 864 fruges
634 779 771 848 traducit
794 790 834 849 ab
856 791 954 870 agris,

272 901 391 964 emtus
414 912 446 960 et
464 898 566 960 iratae
587 896 706 960 detinet
729 900 839 979 unguis
859 901 932 965 iter.

148 1013 271 1074 Verum
298 1012 456 1074 notissima
482 1024 571 1072 erant
599 1010 676 1074 hsce
699 1013 851 1074 miracula
877 1017 995 1096 magiae
1023 1030 1053 1080 et
1079 1017 1173 1100 posia

153 1127 275 1188 moveri
293 1122 366 1186 dicit
386 1128 478 1187 conio
498 1137 580 1207 quse
601 1124 775 1188 immobilia
790 1125 866 1204 sint,
887 1129 1027 1191 inhiberi
1044 1144 1077 1193 et
1094 1129 1172 1195 deti-

153 1240 223 1299 neri
248 1260 330 1322 quse
352 1239 486 1301 maxime
514 1237 657 1300 mobilia.
708 1239 870 1322 Exemplis
893 1243 1051 1306 ratissimo
1074 1247 1173 1309 utitur

149 1354 307 1430 Tibullus,
339 1361 377 1414 ut
400 1352 485 1415 infre
513 1350 709 1428 videbimus3
744 1351 799 1414 ubi
824 1369 903 1418 vero
931 1357 1045 1439 utitur,
1079 1363 1171 1423 etiam

149 1467 223 1529 baec
247 1466 400 1528 concinne
422 1467 601 1547 componit,
629 1473 666 1525 ut
686 1457 711 1542 I,
729 1464 760 1540 4,
779 1465 817 1527 17
827 1487 837 1527 ε

229 1577 341 1658 Longa
362 1576 430 1641 dies
450 1578 575 1640 homini
595 1575 704 1640 docuit
724 1593 836 1658 perere
856 1579 982 1654 leones,

274 1691 386 1770 Longu
408 1689 475 1753 dies
496 1690 585 1753 molli
608 1703 686 1752 saxa
709 1689 835 1772 peredit
854 1711 953 1774 aqua:

236 1802 348 1865 Annus
366 1805 403 1865 iu
424 1804 535 1886 apricis
555 1815 694 1866 maturat
715 1803 849 1867 ouilibus
869 1823 962 1882 utos,

281 1916 394 1979 Annus
415 1917 477 1998 egit
496 1927 577 1981 ceria
597 1916 703 1986 lucido
725 1918 813 1996 signa
833 1918 912 1981 tice.

151 2029 238 2091 Dicit
260 2041 357 2110 poeta
385 2030 536 2111 paulatim
563 2031 622 2093 sub
650 2030 723 2109 iuga
748 2029 829 2092 colla
853 2028 998 2091 daturum
1029 2047 1175 2109 ptterum.

66 2127 70 2134 ¹
151 2144 196 2205 Ac
211 2143 351 2225 primum
371 2143 497 2227 quidem
519 2155 592 2226 epte
610 2141 746 2207 domitos
763 2144 870 2206 leones
890 2154 977 2205 etex
997 2143 1176 2207 inanimatis

152 2258 245 2319 rebus
266 2277 343 2318 sexa
364 2255 486 2336 mollita
507 2275 592 2339 sque
612 2258 788 2338 componit3
812 2277 949 2341 cumque
970 2258 1026 2319 ubi
1047 2256 1086 2319 de
1107 2257 1176 2319 ftu-

153 2388 224 2447 gum
242 2372 458 2448 incrementis,
477 2370 573 2446 flore,
595 2370 773 2433 maturitate
793 2388 912 2450 sermo,
932 2373 1016 2433 uitro
1036 2373 1068 2433 in
1087 2390 1175 2433 meu·

154 2491 216 2542 tem
242 2484 370 2547 veniant
396 2482 537 2546 siderum
568 2484 602 2544 in
630 2485 719 2545 caelo
745 2495 832 2546 ortos
859 2497 890 2546 et
913 2502 1055 2565 occasus,
1088 2484 1175 2547 vides

156 2598 246 2659 etism
272 2602 400 2662 ulterius
425 2597 549 2662 distichi
577 2599 719 2661 membra
748 2598 809 2660 sibi
835 2601 952 2679 optime
974 2598 1176 2682 respondere.

153 2713 229 2775 Non
248 2716 360 2776 habuit
379 2714 440 2777 hoc
461 2712 671 2777 necessarium
688 2713 886 2793 Propertius,
909 2726 945 2773 ut
964 2714 1048 2777 inira
1071 2729 1175 2778 osten-

152 2825 247 2907 dam3
294 2847 379 2890 nunc
411 2844 586 2911 persequor
620 2826 819 2910 propositum
851 2825 955 2887 finem.
1024 2824 1177 2890 Dicebam

150 2942 322 3005 divisiones
352 2942 577 3004 mammarum
604 2940 639 3003 in
669 2951 775 3023 partes
807 2937 925 3020 ubique
957 2936 1065 3000 obvius
1094 2938 1177 3020 apud

150 3056 334 3132 Tibullum,
365 3074 444 3139 quas
472 3056 641 3118 monebant
665 3072 831 3138 nunqnam
858 3053 1037 3115 artificiosas
1060 3073 1126 3116 esse
1148 3067 1199 3116 ets

149 3167 329 3249 languidas,
352 3166 408 3231 sed
427 3167 535 3232 faciles
557 3180 588 3231 et
607 3170 774 3250 perspicue
794 3164 1000 3229 concinnitate
1019 3187 1179 3233 nervosas.

150 3279 341 3345 Videbimus
372 3303 458 3345 nunc
486 3295 525 3343 ut
552 3282 645 3343 etiam
674 3282 844 3346 verborum
874 3279 1068 3357 singulorum
1092 3283 1180 3345 voris

152 3394 355 3475 oppositione
385 3397 506 3475 egregio
533 3396 718 3458 corroboret
744 3402 928 3473 emposta,
958 3403 988 3453 et
1009 3394 1073 3456 vim
1095 3393 1181 3457 disti·-

151 3508 288 3569 chorum
310 3521 429 3587 augeat.
472 3506 524 3570 Sic
545 3510 578 3569 in
599 3506 671 3572 loco
693 3526 789 3588 supra
810 3504 902 3567 allato
928 3506 956 3581 1,
981 3510 1009 3577 t,
1031 3514 1065 3568 7:

242 3622 313 3701 lpse
336 3640 437 3684 seram
461 3633 583 3691 teneros
604 3634 727 3683 maturo
754 3634 893 3701 temporo
916 3620 995 3680 vitos

281 3733 428 3795 Rusticus
452 3746 480 3795 ct
503 3734 586 3801 taciti
606 3732 736 3813 grundio
759 3754 852 3814 potua
873 3734 983 3807 suario,

153 3845 293 3927 epitheto
316 3859 431 3908 teneros
452 3861 482 3910 et
504 3848 630 3926 grandin
654 3848 799 3929 oppositu
823 3859 895 3908 suut
918 3839 1182 3928 tptsmudmodum

154 3958 235 4020 vites
265 3971 295 4019 et
324 3979 430 4038 pomo.
482 3958 595 4037 Qualia
620 3962 734 4041 passim
759 3960 967 4040 neglexerunt
987 3958 1182 4036 interpretes,

155 4092 229 4132 cunt
251 4091 316 4135 non
339 4068 485 4136 siderent
506 4096 600 4158 quom
618 4076 716 4136 muita
735 4076 770 4135 in
791 4076 840 4137 his
862 4071 1000 4135 distichis
1023 4090 1063 4132 ex
1084 4086 1183 4152 eppo»

878 4207 890 4244 1
