3009 4725
512 310 625 377 LIBR.
647 312 688 375 11.
729 309 851 377 ELEG.
874 311 916 372 V.
1156 318 1217 373 271

196 487 437 568 competentius
456 486 504 538 tall
519 483 563 537 dis
581 481 750 536 Messalinum
770 489 833 549 puto
850 480 1022 536 introductum
1041 483 1066 535 lu
1084 485 1222 553 ternplum.

195 598 251 650 lam
272 592 330 647 ride
347 588 495 641 'libullums
515 583 565 636 list
580 598 674 636 vernus
691 582 747 636 dies
767 591 793 634 et
811 584 927 652 aperitur
941 598 1023 636 nouus
1040 599 1135 646 annun
1153 587 1216 650 quid
1285 606 1291 614 ·

195 694 276 761 ίςῑωι
293 688 400 759 propius
419 684 569 753 precatione
587 680 652 744 hac,
669 687 699 733 ut
716 696 792 733 sacer
811 687 838 733 et
859 681 984 736 fecundus
1001 683 1055 736 sili
1091 684 1137 736 Sic
1157 701 1216 752 per-

195 793 312 859 spicuum
331 791 372 839 est
389 783 469 836 etiarn
488 795 547 834 cum
566 779 625 833 iesti
644 779 746 831 ratlom
764 780 912 847 conspirare
928 784 1138 851 compositionem
1157 787 1217 836 os'r-

194 890 284 952 minis,
305 888 362 955 ipsa
378 880 544 936 solemnitate
562 877 628 930 hanc
646 878 810 945 politicarum
828 886 856 931 et
873 882 996 934 ruralium
1015 897 1099 934 rerum
1118 888 1217 934 tracta·

194 990 293 1042 tionem
316 985 452 1037 offerente.
488 976 560 1030 Satis
578 974 612 1028 de
630 972 696 1039 hoe3
721 974 846 1028 addarans
863 980 977 1044 reliqua,
1003 994 1071 1047 quae
1089 980 1217 1034 monenda

196 1093 303 1141 restant.
338 1081 442 1135 Etenim
461 1077 539 1130 etiam
556 1088 673 1128 amorum
692 1075 848 1127 mentionem
868 1074 910 1128 liic
934 1091 984 1130 nou
1009 1082 1216 1146 praetermissam

197 1191 280 1257 quiris
304 1182 494 1254 exspectaverit
511 1178 676 1232 Tibullianae
700 1190 812 1244 poeseos
836 1193 940 1243 gnarus
977 1181 1046 1233 Sunt
1063 1190 1149 1235 autem
1168 1199 1216 1252 par

197 1294 281 1342 totum
299 1299 402 1340 carmen
421 1282 491 1337 serie
508 1294 599 1349 sparsa
616 1276 696 1329 uerba
714 1282 742 1328 et
760 1275 948 1345 descriptiones
966 1275 1128 1346 huiusmodi,
1146 1288 1173 1334 et
1190 1283 1217 1335 ln

197 1388 249 1441 ina
275 1387 354 1440 elisur
381 1398 442 1435 snas
467 1379 550 1448 ipsius
578 1390 715 1430 aerumnas
741 1383 936 1431 commemorat
983 1379 1108 1433 Videmus
1139 1381 1221 1448 igitur

197 1489 336 1551 effessum,
359 1497 412 1550 qno
430 1486 508 1549 poete
525 1479 582 1546 ipse
600 1475 693 1545 plenus
710 1479 767 1538 est,
790 1489 820 1526 se
837 1474 1006 1529 admiscuisse
1023 1478 1120 1545 ubique
1138 1482 1218 1533 etiam

198 1586 292 1639 ceteris
309 1579 525 1650 descriptionibus
540 1592 628 1631 rernm
646 1591 711 1642 quas
728 1577 864 1644 proponit,
888 1583 916 1629 et
932 1584 1024 1631 ornata
1041 1581 1126 1632 omnia
1143 1595 1217 1634 arna-

198 1685 273 1738 tortis
297 1681 432 1744 sensihns3
462 1694 514 1745 qua
538 1691 567 1730 ra
591 1676 653 1744 qnid
678 1673 810 1743 pulchrius
835 1681 862 1729 et
888 1677 970 1743 magis
995 1679 1216 1735 accommodatum

198 1785 317 1852 elegiaco
350 1781 440 1849 generi
474 1793 600 1848 poeseos,
634 1778 697 1830 licet
730 1775 825 1829 lustum
860 1777 1010 1844 religiosum
1046 1778 1218 1832 celebretur?

198 1883 311 1938 Omnino
334 1881 432 1934 multae
454 1886 514 1932 snut
537 1878 645 1930 virtutes
670 1873 745 1927 huius
768 1875 897 1931 carminis.
933 1874 990 1928 Etsi
1015 1876 1081 1928 enim
1109 1878 1213 1944 plennrn

198 1994 239 2042 est
262 1982 433 2053 simplicitatis
456 1982 569 2034 mitione
594 1984 622 2032 et
646 1991 763 2030 asnorum
792 1976 1021 2046 descriptionibus,
1053 1978 1217 2032 nihilominus

198 2092 283 2140 tamen
303 2086 329 2137 iu
346 2082 440 2137 ceteris
458 2079 491 2132 ad
509 2076 726 2148 magnificentiam
744 2074 872 2141 quandam
889 2077 1018 2144 reperitur
1035 2079 1215 2144 compositum.

198 2188 258 2246 Quo
277 2186 388 2254 pertinet
405 2182 509 2235 omnino
528 2178 678 2245 religiosior
696 2177 818 2230 carninis
834 2176 949 2241 indoles,
969 2176 1094 2244 Apollinis
1111 2178 1217 2228 invoca-

198 2286 284 2340 tiones
306 2289 333 2336 et
358 2281 475 2346 Sibyllae
502 2278 608 2331 oracula
634 2282 661 2329 at
687 2274 865 2344 prodigiorum
888 2276 1041 2329 terribilium
1067 2276 1216 2345 descriptio,

181 2383 311 2450 *pertinet
327 2380 404 2431 etiarn
423 2392 482 2429 meo
500 2375 596 2428 iudicio
614 2376 640 2428 in
658 2375 777 2428 oratione
794 2373 962 2442 digressionis
981 2392 1059 2443 usus,
1085 2378 1124 2429 bis
1141 2375 1217 2429 adhi-

198 2482 269 2534 hitae
286 2495 311 2533 r.
328 2480 438 2530 imit.
463 2480 491 2528 et
514 2491 538 2526 v·
557 2478 665 2528 71-19.
702 2472 816 2525 Tantum
834 2473 902 2525 enim
926 2474 1001 2527 abest
1025 2483 1055 2528 ut
1073 2476 1218 2544 imperitiae

197 2583 295 2638 linunt
320 2579 383 2633 liaeo
408 2593 451 2631 res
475 2575 610 2629 tribuenda
633 2577 683 2641 sit,
711 2573 785 2641 quasi
804 2574 876 2625 nullo
894 2573 946 2625 alio
970 2575 1048 2627 modo
1073 2593 1150 2642 quam
1169 2594 1218 2646 per

198 2681 363 2756 parenthesin
380 2683 430 2735 ista
448 2680 614 2747 interponere
631 2677 746 2741 sciverit,
764 2682 793 2727 ut
811 2672 843 2727 ad
862 2673 1033 2726 imitationem
1050 2675 1217 2730 sublimitatis

196 2785 294 2852 lyricae
311 2782 380 2836 iacta
399 2778 525 2832 videatur.
568 2776 678 2828 Maioris
695 2775 764 2827 enirn
782 2773 889 2842 spiritus
905 2773 977 2825 visae
997 2777 1024 2823 et
1042 2771 1217 2838 digressiones

198 2883 326 2952 nrytinioae
343 2882 434 2950 quales
450 2877 621 2942 Pindaricos,
644 2882 674 2928 et
697 2874 746 2928 hoo
766 2871 949 2943 parentheseos
967 2887 1050 2939 geum
1068 2871 1217 2941 interrupto

197 2999 274 3037 eursu
292 2982 423 3035 orationis.
460 2977 599 3031 Postremo
622 2974 741 3027 exitus
763 2989 812 3042 pro
829 2973 917 3026 iutnra
933 2972 1017 3040 gloria
1035 2971 1168 3026 Messalini
1187 2978 1215 3026 et

197 3079 331 3150 triumphis
348 3087 408 3136 rota
426 3078 490 3133 lacit
506 3077 558 3131 ianr
575 3074 604 3129 in
622 3071 730 3128 exordio
748 3073 903 3128 monstratis.

572 3596 842 3667 EXPLICATIO.

267 3864 416 3919 v.1-re.
456 3865 656 3921 Exordium.
700 3864 856 3921 Vocatur
883 3858 1008 3929 Apollo
1039 3865 1075 3912 ut
1102 3858 1222 3911 reniat

194 3977 268 4020 curn
295 3960 434 4016 cithare
461 3965 741 4032 carminibusque
770 3977 806 4026 et
832 3957 978 4035 pulchre
1007 3963 1153 4012 ornatus
1181 3956 1221 4009 ad

195 4063 504 4135 inaugurationem
535 4067 613 4118 nori
640 4068 847 4141 sacerdotis
876 4058 1077 4127 Messalini,
1104 4057 1222 4114 admit·
