3009 4725
305 395 424 437 cxrnvt
713 371 771 433 DE
793 368 914 439 POESI

302 546 345 606 ln's
375 564 481 608 secum
511 544 651 620 fruatur,
691 554 860 626 antequam
892 565 968 607 mors
998 545 1104 610 veniat
1133 558 1165 610 et
1192 560 1328 614 sermm.

303 658 465 720 Postremo
487 655 592 718 denuo
614 656 747 738 repetita
771 657 928 746 oppositio
951 660 1015 722 belli
1032 665 1133 744 witus
1156 658 1327 742 domestici,

304 773 463 834 divitior-nm
491 782 522 831 et
544 775 647 852 paucis
675 780 819 834 contentae
848 776 921 833 citos
947 769 1063 835 claudit
1086 785 1199 837 totum.
1248 777 1326 838 Per·

305 886 410 968 spicue
437 905 477 945 ex
505 884 554 945 his
582 903 749 963 cognoscas
776 885 939 967 propriam
967 886 1101 948 formem
1126 887 1324 954 Tibnllt'nnas

305 997 508 1074 elocutionis,
536 996 609 1059 licet
629 997 731 1059 fatear
753 1012 973 1078 argumentum
993 999 1089 1063 buius
1112 1001 1226 1081 elegiae
1246 1024 1323 1084 prae

305 1111 374 1174 aliis
400 1111 507 1176 favere
535 1110 796 1193 oppositionibus.
848 1108 1058 1176 Observatum
1083 1134 1175 1195 saepe
1200 1128 1247 1179 est
1269 1118 1326 1178 Al·

306 1226 393 1288 bium
409 1245 475 1286 non
493 1225 609 1287 imitari
624 1224 777 1305 Graecos3
802 1247 906 1309 neque
922 1248 998 1292 vero
1017 1229 1117 1292 solum
1140 1227 1179 1290 de
1198 1230 1327 1309 singulis

305 1339 518 1401 locutionibus
542 1351 571 1400 et
596 1338 880 1404 constructionibus
906 1338 941 1406 id
965 1338 1066 1419 dicas,
1096 1340 1151 1406 sed
1172 1354 1233 1404 tota
1255 1345 1327 1408 tart
1369 1364 1375 1375 ·

306 1454 447 1516 rhetorica
466 1449 568 1532 forme
596 1456 730 1512 matheus
755 1450 892 1515 Graecae
921 1453 1049 1533 originis
1076 1472 1142 1514 non
1171 1465 1235 1534 ast,
1268 1476 1327 1518 nec

308 1565 436 1627 Graecis
458 1564 581 1643 elegicis
603 1564 819 1647 frequentatae
840 1577 913 1628 sunt
931 1566 990 1627 hae
1010 1563 1178 1630 divisiones
1201 1579 1328 1630 exactae

307 1691 338 1742 et
361 1677 575 1762 oppositiones
599 1678 773 1758 plurimae,
800 1690 955 1763 quantum
976 1679 1131 1746 edulitate
1152 1682 1243 1760 licet,
1273 1681 1329 1748 sed

307 1791 450 1862 Romano
472 1803 584 1873 poetae
608 1791 769 1874 propriae.

372 1925 435 1990 Sed
468 1926 619 2009 quoniam
655 1947 751 2009 snpra
783 1927 1030 2011 omplficamm
1060 1951 1113 2014 per
1146 1938 1330 2014 cepaticum

306 2042 430 2103 amdan
449 2046 599 2104 serame
620 2037 688 2102 dixi
711 2043 844 2104 alterurn
866 2042 1055 2122 palmarium
1078 2042 1241 2104 artificium
1262 2045 1328 2106 elo·

309 2155 443 2217 tutionis
471 2154 637 2234 elegiacae,
667 2174 722 2233 age
750 2174 836 2216 nnnc
863 2152 1028 2214 redeamus
1053 2154 1144 2216 etiam
1172 2152 1210 2214 ed
1236 2156 1327 2233 franc,

309 2280 342 2331 et
371 2286 600 2349 persequamur
630 2286 710 2350 quae
742 2263 782 2327 de
814 2266 880 2328 eius
911 2283 972 2324 nau
1001 2263 1120 2328 Tibulli
1154 2284 1247 2328 causa
1278 2270 1329 2332 bie

311 2378 450 2443 notanda
475 2376 632 2447 videntur.
684 2374 837 2443 Videmus
864 2394 934 2440 eam
961 2376 1034 2437 saus
1063 2376 1175 2440 crebre
1204 2380 1267 2442 iem
1295 2384 1330 2444 in

312 2492 439 2557 Graecis
461 2492 654 2573 fragmentis,
676 2509 748 2555 oues
769 2501 879 2553 contra
897 2485 1066 2553 divisiones
1086 2490 1266 2556 rarissimae
1286 2497 1331 2563 lbi

312 2609 383 2673 sint.
424 2610 544 2673 Tibulli
563 2608 720 2671 rationem
740 2608 820 2669 baec
841 2607 986 2689 exempla
1007 2604 1196 2672 ostendunt:

394 2745 517 2810 Fictilia
539 2745 688 2827 antiquus
709 2743 848 2826 primum
873 2740 933 2803 sibi
954 2740 1029 2803 fecit
1048 2743 1177 2821 agrestis

441 2860 576 2935 Pocula,
604 2855 644 2919 de
664 2855 749 2917 facili
770 2855 1010 2938 composuitque
1031 2857 1109 2918 luto.

398 3030 502 3091 Parva
523 3043 609 3104 seges
631 3022 704 3084 satis
726 3032 790 3098 est,
819 3020 894 3084 satis
916 3032 961 3082 cst
982 3020 1179 3106 requiescere
1202 3025 1283 3089 lecto

440 3139 586 3215 silicet,
615 3147 647 3197 et
668 3134 761 3199 solite
785 3137 926 3195 membra
949 3137 1054 3197 levare
1075 3148 1158 3201 toro.

401 3308 456 3369 Me
477 3307 615 3368 retinent
636 3305 775 3369 vinctrtm
799 3305 956 3366 formosae
978 3304 1081 3368 vincla
1101 3307 1239 3390 puellae,

443 3420 485 3482 Et
507 3417 602 3483 aeden
627 3418 725 3481 datrae
744 3418 863 3480 ianitor
884 3430 956 3478 ante
979 3419 1074 3482 fores.

787 3536 859 3553 μ

400 3591 429 3650 T
431 3611 447 3651 e
469 3600 601 3670 propter
622 3590 725 3650 nullos
746 3589 838 3650 telltn
860 3598 916 3650 tna
938 3588 1076 3669 postulat
1097 3582 1228 3656 imbres,

446 3698 544 3765 Arida
566 3722 623 3763 nec
643 3700 757 3763 Pluvio
780 3702 935 3783 supplicat
957 3701 1056 3777 berbn
1078 3694 1158 3761 Iovi.

405 3873 454 3934 Tu
472 3875 585 3953 procul
602 3871 676 3935 hinc
694 3871 791 3950 absis,
814 3871 866 3933 cui
881 3871 1016 3932 formam
1035 3865 1172 3933 vendere
1191 3885 1266 3928 curn
1283 3874 1338 3939 est,
1422 3872 1425 3877 '

446 3986 485 4047 Et
506 3987 641 4068 pretium
663 3988 757 4065 plena
779 3982 896 4063 grande
916 3984 1035 4047 referre
1056 3998 1165 4043 manu.
