3009 4725
361 395 365 403 '
463 413 572 477 mou.
594 413 619 472 ι.
661 411 890 480 ιῑιιωιιι.
1139 420 1194 475 rer

178 594 256 649 modo
283 589 443 645 rattdmuu
471 586 505 639 ait
530 570 652 640 sedandis
675 584 748 650 pueri
774 579 910 636 arumnis.
954 579 1028 633 Addo
1052 593 1119 632 uuus
1143 579 1192 632 alia

179 693 302 762 quasdam
319 687 444 758 uotauda2
477 686 594 740 Primum
611 681 695 745 euim,
713 686 743 733 ut
764 694 842 749 supra
860 679 1027 747 praemonui,
1044 678 1126 731 ironia
1144 679 1194 730 inr-

178 795 258 846 urirta
273 796 316 843 est
334 788 449 840 amiitat
467 784 531 847 toti,
553 795 614 834 eum
633 793 697 847 puer
716 784 777 830 ante
800 776 927 845 superbus
945 791 1013 830 uuus
1031 777 1087 843 ipse
1105 791 1195 829 amore

178 894 285 946 laboret.
320 890 414 942 Discat
432 884 482 939 boe
499 884 569 936 olere
587 896 610 933 v.
630 883 663 932 tt
684 893 743 945 sqq.
761 879 806 930 ubi
824 878 971 946 exemplum
988 876 1102 930 blaratbi
1120 879 1194 945 pual-

177 995 218 1047 lae
236 990 385 1044 ambone
401 985 556 1056 proponitur
569 996 620 1040 nou
633 981 689 1032 siue
707 979 826 1032 irrisione
843 979 894 1030 leui
911 978 995 1045 pueri,
1011 983 1040 1029 et
1056 992 1080 1031 v.
1092 980 1126 1027 tt
1135 991 1194 1041 sqq.

177 1093 221 1145 ubi
240 1106 291 1144 rou
310 1086 499 1148 iucundum,
526 1081 575 1135 sed
598 1094 646 1132 sua
663 1077 747 1146 ipsius
764 1079 841 1145 eulpa
864 1077 1024 1143 significetur
1043 1090 1150 1144 puerum
1167 1076 1194 1130 iu

178 1195 277 1242 nutum
295 1188 391 1240 malum
408 1183 538 1240 iaoidisse.
575 1178 651 1233 Unde
668 1179 747 1232 etiam
765 1176 957 1238 mediatoris,
975 1176 1018 1227 ubi
1037 1177 1076 1228 rel
1094 1176 1195 1230 turmae

178 1289 291 1342 studium
309 1288 407 1342 irritum
426 1285 563 1340 miseratur
581 1294 672 1349 puero,
689 1278 730 1330 vei
751 1279 828 1330 fletus
844 1276 902 1329 eius
917 1276 1047 1328 solitarios
1063 1276 1194 1340 describit,

179 1404 228 1444 uoti
246 1389 285 1442 sie
303 1388 394 1440 dolere
415 1383 508 1438 eredes
531 1386 635 1451 poetam
660 1384 691 1430 ut
712 1392 775 1443 pum
793 1391 857 1429 auos
880 1380 976 1428 tractat
999 1389 1117 1438 amores,
1146 1375 1193 1427 secl
1291 1395 1305 1420 ι

178 1491 322 1545 nomineris
340 1489 393 1541 tale
410 1489 591 1554 argumentum
609 1480 729 1533 frivolum
745 1479 803 1545 ipsa
820 1482 910 1529 namra
928 1490 974 1528 soa
993 1475 1127 1530 hilaritatis
1145 1477 1193 1528 ali-

179 1591 240 1660 quid
258 1606 335 1660 posse
360 1589 463 1642 babere.
502 1588 589 1652 Atque
612 1580 663 1635 boo
688 1593 768 1632 ouuur
791 1584 840 1630 est.
875 1576 987 1629 Notabia
1004 1575 1098 1628 deiude
1116 1577 1193 1629 etism
1244 1627 1245 1630 ,

180 1692 367 1759 descriptiones
388 1690 522 1754 elegaates
540 1682 650 1739 Veneris
672 1678 783 1732 iurtieaa
801 1684 830 1730 et
846 1676 955 1741 artium,
980 1676 1073 1741 utribus
1092 1676 1194 1743 plaeere

180 1790 317 1843 studebunt
336 1787 459 1849 formosi,
484 1783 642 1848 omninoque
666 1777 796 1832 laaelriaur
820 1789 907 1836 rerum
926 1774 1087 1838 liberiorem,
1111 1776 1194 1840 qualis

179 1902 230 1941 nou
249 1876 850 1949 estiaiiselegiis‚ubi1)eliaeelNeuaetis
869 1890 983 1928 amorem
1001 1875 1078 1929 eauit
1115 1876 1192 1932 Quod

179 1985 297 2039 eouudto
313 1980 462 2045 ariminum,
479 1993 540 2033 eous
556 1977 656 2031 tudetes
674 1976 816 2031 termitem
832 1974 920 2041 pueris
935 1974 1089 2042 scriptorum
1107 1989 1193 2028 suere

179 2087 310 2142 rideretur
328 2083 448 2139 laselritrs
465 2080 567 2137 dioeudi
584 2095 676 2147 pauor·

692 2357 786 2367 ωηο-κ

554 2586 819 2652 iiXPLlCATlO.

251 2877 282 2927 V.
304 2877 390 2929 1-10.
425 2872 619 2928 Exordium.
662 2872 833 2926 Hortatur
860 2874 963 2938 poete
992 2869 1193 2927 Maratbuta.

180 2977 348 3029 dileetoua
373 2973 440 3027 ribi
471 2988 627 3042 puerum,
655 2986 753 3038 quem
778 2972 878 3038 gravi
906 2982 1020 3022 amore
1048 2965 1196 3020 Pholoes

181 3077 343 3129 inherere
359 3075 434 3127 siue
452 3088 622 3127 successo
638 3070 899 3136 animadvertit,
923 3074 957 3120 ut
974 3066 1110 3119 desinet
1130 3066 1195 3118 dis-

177 3176 343 3235 simulare
361 3189 429 3227 reus
448 3171 534 3227 baud
560 3173 700 3229 utiliter
719 3173 883 3235 celatam,
913 3180 1118 3231 succurrere
1142 3181 1194 3219 ou-

181 3274 281 3339 pieus
306 3273 452 3327 dolautl.

251 3370 282 3422 V.
304 3374 328 3423 l.
345 3373 372 3421 2·
410 3369 470 3423 Nou
494 3384 536 3423 uas
563 3369 665 3436 lugiunt
690 3370 783 3421 iudicia
803 3368 905 3421 umoris.
943 3369 981 3419 De
1006 3365 1133 3418 ssuteutia
1149 3363 1196 3417 baa

180 3479 206 3527 at
229 3478 287 3527 arte
311 3471 472 3527 oouieetaodi
491 3486 583 3527 reuma
605 3469 728 3523 amatoris
745 3482 780 3521 aa
798 3468 879 3533 siguis
896 3465 1048 3532 quibusdam
1068 3463 1197 3517 Hermos

178 3572 245 3627 adbi
262 3572 336 3627 iubet
353 3571 529 3627 crustatos.
557 3570 649 3640 Epigr.
665 3572 710 3623 dd.
736 3573 765 3620 et
789 3568 930 3620 Prorsus.
949 3565 970 3629 1,
988 3567 1014 3629 e,
1032 3568 1049 3615 ⁶
1066 3579 1122 3630 sqq.
1149 3562 1196 3621 lit

180 3670 207 3731 Β,
222 3673 249 3720 b.
265 3698 300 3709 —
329 3669 460 3735 ierant,
477 3669 613 3732 auulsas,
629 3666 784 3733 significent
804 3663 949 3715 -leuia
973 3662 1092 3726 verba,
1111 3660 1196 3715 Wra-

182 3779 349 3820 osuarurrrus
367 3769 496 3839 placidam
513 3768 644 3835 loquelam
663 3766 862 3832 iuterpretatur,
889 3760 933 3812 ubi
958 3762 997 3812 rel
1021 3775 1115 3821 sonus,
1144 3772 1197 3823 quo

181 3862 239 3928 ‘ibit
262 3864 341 3917 verba
365 3845 518 3933 eloquetur,
543 3879 657 3919 auterens
682 3860 783 3928 prodat
828 3858 907 3914 Quod
931 3860 999 3911 euim
1020 3860 1140 3909 Seruius
1165 3856 1198 3906 de

181 3964 294 4016 susunis
310 3965 476 4031 cogitaverit,
492 3982 543 4020 uou
561 3979 680 4033 uasguam
699 3965 796 4031 requiri
813 3966 903 4025 artem,
922 3975 998 4027 quam
1018 3960 1096 4010 iactet
1114 3962 1198 4009 terreo

181 4061 315 4130 Tibullus,
345 4071 374 4118 ot
392 4080 426 4118 aa
447 4069 559 4121 susurris
576 4067 675 4121 iuvenis
690 4079 806 4119 aurorem
824 4062 961 4116 coniectes.
998 4059 1120 4111 Celantur
1139 4069 1199 4107 rua-

181 4164 247 4216 riter
267 4170 328 4219 seut
352 4165 484 4219 cumulata
509 4168 602 4221 similia
626 4167 705 4221 verba
730 4166 803 4221 miti
829 4163 935 4223 leuia,
962 4155 1147 4225 significantior
1172 4159 1200 4205 ιιι
