3009 4725
322 385 381 438 292
559 377 840 445 COMMENTAR.
862 383 907 446 ΙΝ
929 383 1104 448 TlBULLi

320 553 385 603 Cum
405 553 472 604 eninr
490 557 552 604 ante
571 555 712 606 minuerit
730 554 793 620 quid
813 557 990 624 praedixerint
1014 556 1147 623 Sibyllae,
1174 573 1227 611 nou
1254 564 1343 629 pergit

321 665 424 703 numere
443 649 647 718 praedictiones,
667 652 713 703 sed
732 655 879 713 inpetierit
898 670 946 723 pro
966 654 1183 721 praedictionibus
1201 658 1252 710 inm
1268 661 1341 728 ipsas

321 763 362 803 res
380 754 559 817 portentosas,
587 764 654 815 quae
673 755 728 804 tum
753 752 902 818 praedictae
921 759 1079 818 evenerunt,
1106 760 1202 807 nsrrst.
1221 783 1257 796 -
1282 762 1339 812 at-

319 865 435 917 qne-
453 855 563 916 atque.
601 850 671 904 Nota
695 853 774 905 etiam
799 852 904 905 aliunde
930 852 1053 919 repetitio
1071 853 1214 919 particulae
1232 869 1291 907 cum
1311 858 1336 908 ui

320 953 345 1004 in
370 952 582 1016 enumeratione,
609 959 639 1004 nt
668 953 750 1006 Vrec.
775 954 873 1017 Georg.
898 951 946 1014 tv,
971 954 1032 1004 ads.
1060 949 1154 1016 licien.
1181 953 1213 1017 V,
1237 956 1278 1005 24.
1298 981 1334 993 -

319 1049 500 1120 crepitantia,
525 1053 655 1119 proprium
681 1063 808 1100 armorum
832 1046 953 1109 verbum,
979 1045 1014 1099 ci.
1033 1046 1184 1102 nmium.
1204 1049 1238 1101 ad
1256 1050 1333 1105 Ouid.

318 1150 383 1203 Met.
408 1149 468 1215 XV,
495 1153 556 1201 783.
587 1145 715 1198 laudatum
747 1146 781 1196 ab
815 1144 937 1197 Hruuro.
985 1145 1070 1198 Porro
1097 1146 1131 1198 ad
1159 1162 1215 1199 neni
1244 1148 1336 1201 eonier

318 1252 401 1303 Viuo.
430 1252 528 1313 Georg.
552 1248 572 1308 1,
590 1248 658 1298 474:
681 1244 840 1296 'Armorum
864 1242 982 1296 sumtum
1007 1252 1066 1296 toto
1092 1247 1237 1298 Germania
1261 1248 1335 1300 cneio

318 1348 426 1400 Audiit.
481 1343 621 1407 Videntur,
661 1343 698 1394 ait
733 1342 850 1394 Vossius
885 1342 997 1405 ibidem,
1037 1344 1155 1410 legiones
1196 1348 1336 1402 Germani-

316 1463 363 1501 cae
395 1450 473 1497 noctu
497 1441 607 1509 fulgenti
633 1440 734 1492 boreali
757 1439 854 1490 lumine
879 1439 975 1491 uidisse
1000 1446 1028 1492 et
1053 1441 1156 1494 audisse
1175 1446 1284 1511 'pugnas
1308 1447 1335 1499 in

317 1544 430 1599 nubibus
455 1542 610 1610 peditesque
635 1547 663 1592 et
687 1540 790 1606 equites
817 1539 895 1591 armis
917 1544 1056 1596 cenantes.
1099 1543 1218 1597 Pertinet
1243 1546 1334 1600 eodem

317 1646 402 1699 0n1n.
420 1644 489 1697 Met
507 1643 567 1707 XV,
586 1645 647 1694 ret.
686 1639 859 1694 contulerunt
876 1640 955 1692 etiam
971 1640 1098 1694 Piranum
1114 1642 1149 1709 11,
1166 1647 1218 1697 tier
1236 1645 1335 1698 Arme-

315 1762 376 1795 rum
401 1742 519 1811 crepitus
544 1751 570 1791 et
596 1737 679 1792 tubae
704 1739 810 1793 sonitus
836 1739 946 1792 aeduos
968 1757 983 1791 e
1008 1740 1083 1794 caelo
1099 1741 1236 1797 cimbricis
1260 1742 1334 1801 bellis

316 1844 482 1913 accepimus,
510 1838 651 1913 crebroque
668 1849 696 1892 et
717 1840 798 1910 prius
815 1850 842 1891 et
856 1849 962 1910 postea.
1002 1842 1093 1894 Tertio
1111 1861 1173 1897 vero
1191 1843 1334 1898 consulatu

315 1944 402 1996 Marii
427 1942 462 1994 ab
487 1940 623 1996 Amerinis
647 1950 675 1993 et
702 1939 866 1994 Tudertibus
889 1948 1013 2010 spectata
1037 1958 1115 1992 arma
1142 1940 1270 1996 coelestia
1297 1940 1332 1994 ab

315 2054 377 2098 ortu
403 2062 553 2115 occasuque
570 2043 642 2095 inter
666 2060 695 2095 se
714 2042 911 2098 concurrentia.
930 2068 965 2082 ·-
993 2043 1105 2109 lucus,
1132 2060 1211 2098 vocet
1234 2045 1331 2096 eiucis

315 2144 411 2198 editne.
442 2146 526 2198 Vrec.
546 2144 771 2210 Genrg.1,d¹tti:
800 2145 858 2197 Vox
884 2159 989 2215 quoque
1011 2160 1061 2213 per
1083 2142 1157 2196 luces
1179 2144 1259 2214 vulgo
1282 2160 1331 2194 ex-

314 2242 413 2294 audita
437 2241 546 2293 silentes
571 2242 678 2310 Ingens.
712 2242 819 2296 Lucum·
838 2242 859 2307 l,
876 2246 944 2296 cous
980 2245 1048 2294 ditm
1068 2242 1169 2313 fruger
1195 2258 1330 2294 armerum

315 2358 481 2413 magnaeque
497 2358 546 2410 per
564 2341 629 2393 auin
647 2356 723 2393 uoces
742 2339 867 2392 Auditae
884 2357 1034 2397 nemorum.
1061 2339 1180 2395 tmdaute
1197 2338 1328 2393 Bitouct·

315 2460 397 2498 numo
415 2452 442 2496 et
462 2444 586 2497 Harum.
604 2470 639 2480 -
659 2441 787 2509 iugem,
806 2443 906 2497 eindem
924 2443 1084 2497 exercituum
1104 2450 1131 2497 et
1149 2458 1228 2497 noros
1244 2445 1332 2512 impe·

313 2550 356 2597 tus
374 2545 528 2612 populorum
547 2542 795 2612 septentrionalium,
814 2544 963 2599 nominatim
981 2544 1179 2608 Germanorum,
1204 2547 1235 2595 nt
1252 2541 1331 2597 decet

313 2660 393 2714 supra
410 2650 575 2713 comparatus
593 2645 666 2697 locus
690 2645 825 2699 Vnerun.
845 2672 881 2683 -
918 2643 1158 2713 praecinuisse
1185 2642 1331 2696 Wnunne-

313 2762 425 2800 cronius
443 2746 521 2799 etiam
540 2746 573 2798 ad
592 2746 693 2798 tubus
713 2752 739 2798 et
764 2761 853 2799 sums
872 2744 968 2811 reicit,
993 2743 1209 2812 quemadmodum
1225 2759 1287 2798 eane
1303 2746 1331 2801 iu

312 2849 389 2901 simiii
409 2849 467 2900 ioco
491 2834 574 2899 Ovio.
592 2846 657 2898 Met.
677 2846 736 2913 XV,
755 2849 898 2899 'ted-⁷85.
913 2842 1122 2915 'praemonuisse
1147 2853 1187 2899 est
1208 2847 1333 2914 positum.

313 2948 360 3001 nte
378 2948 400 2999 si
418 2945 500 3009 endis,
520 2942 605 2996 divide
624 2941 665 2995 hic
684 2946 913 3010 constructionem,
931 2943 1001 3011 quod
1019 2943 1064 2996 ubi
1081 2945 1137 2997 fleri
1155 2948 1249 3013 potest,
1269 2944 1331 2999 ubi·

314 3065 366 3115 qne
387 3046 513 3117 praeferri
531 3044 610 3098 debet
629 3045 655 3095 in
674 3045 773 3112 poetis,
801 3052 893 3115 utpote
911 3044 994 3113 magis
1012 3046 1151 3114 poeticum.
1197 3043 1330 3101 Quemad-

313 3145 418 3197 modum
438 3144 505 3197 enim
525 3159 603 3212 prosa
627 3143 727 3203 oratio,
753 3143 797 3194 ubi
815 3145 908 3197 mentis
926 3143 1014 3197 sobria
1032 3145 1157 3211 cogitatio
1175 3143 1330 3207 dominatam,

303 3234 427 3299 'unitates
444 3244 664 3300 cotutrnctionum
683 3245 794 3296 maiores
812 3245 901 3310 fingit,
921 3245 957 3297 ita
974 3261 1085 3314 poeseos
1101 3242 1211 3297 uiuidior
1229 3243 1330 3296 indoles

313 3347 449 3399 dissimiies
467 3348 639 3401 membrorum
659 3347 773 3398 rationes
790 3354 867 3409 umet,
886 3361 935 3398 nec
953 3346 998 3399 diu
1017 3346 1159 3416 pendentes
1177 3352 1328 3409 structurus,

312 3446 360 3499 sed
377 3448 487 3501 breviori
510 3450 609 3503 ambitu
633 3449 765 3501 absolutas
782 3448 931 3502 sententias.
950 3475 985 3487 -
1017 3449 1048 3502 V.
1068 3454 1104 3501 tn
1121 3464 1179 3515 sqq·
1214 3448 1328 3500 Solem

311 3544 485 3598 deiectum
510 3548 643 3599 iumine.
688 3549 739 3597 Est
756 3545 927 3617 prodigiosus
946 3555 974 3599 et
992 3545 1097 3617 longior
1114 3545 1179 3597 solis
1197 3543 1329 3616 desectus,

311 3643 359 3719 qui
370 3644 435 3717 fuit
453 3643 526 3695 Iulio
545 3647 658 3695 Caesare
677 3646 770 3703 occiso,
785 3646 872 3698 totius
886 3665 973 3715 pmcne
992 3645 1058 3697 anni
1072 3643 1178 3713 pallore
1196 3640 1331 3698 comiaco,

309 3754 339 3799 nt
354 3747 472 3800 Pururus
490 3749 601 3797 testatur
618 3744 653 3810 11,
671 3750 715 3798 ³⁰.
752 3745 819 3798 ddd.
838 3747 1001 3800 Pousinon.
1021 3746 1047 3796 in
1065 3743 1143 3796 Caes.
1162 3751 1247 3805 erm:
1271 3733 1331 3791 iter

307 3840 359 3916 γὰρ
379 3849 470 3897 ἐκεῖνον
488 3839 534 3896 rie
551 3838 668 3896 irtuurie
692 3838 775 3914 ω’χρός
794 3846 840 3905 nte
863 3838 877 3894 e‘
901 3838 994 3899 unissime
1019 3843 1064 3895 riui
1086 3835 1263 3913 μαρμαρυγὰς
1285 3835 1332 3891 crin

308 3944 372 4008 ἔχων
390 3940 529 3996 ἀνέτελλεν.
567 3942 604 3996 Et
628 3942 710 3998 Dion.
736 3940 811 3995 Cres.
829 3940 888 4008 XL,
905 3947 932 3994 t.
959 3948 988 3994 ct
1005 3942 1091 3997 Vmc.
1110 3944 1211 4009 Georg.
1230 3940 1252 4007 l,
1270 3943 1332 3993 ton.

308 4057 375 4106 quae
393 4042 606 4097 Buoocrunsrus
634 4049 662 4097 et
687 4043 818 4097 Herulus
842 4040 956 4096 iaudent.
994 4044 1093 4099 Putant
1110 4042 1193 4096 fuisse
1210 4041 1332 4095 nebniam

307 4141 390 4205 istam,
414 4159 489 4209 quam
509 4158 557 4197 nos
576 4142 733 4197 Heerroucd
752 4142 876 4207 dicimus,
894 4143 929 4196 cf.
948 4142 1044 4200 Harn.
1063 4151 1091 4199 et
1109 4142 1186 4199 Voss.
1204 4141 1238 4197 nd
1259 4142 1333 4209 virg.
