3009 4725
512 379 623 442 LIBR.
645 381 670 441 1.
713 377 837 441 ELEG.
858 378 898 441 Π.
1167 382 1206 444 41

184 559 255 611 cite
285 551 494 614 luminibus,
521 561 602 615 quere
627 560 662 599 ne
687 544 823 614 sdspleite.
870 544 911 600 dd
935 545 1093 601 locutionem
1119 548 1210 603 couler

185 657 267 709 Osse.
288 653 353 705 Met.
373 653 407 717 V,
425 653 488 704 248.
524 648 570 702 Sic
587 647 682 714 uerbis,
700 647 817 713 dextrae,
835 646 905 701 ferro
921 663 1030 716 persero
1050 649 1146 702 dicitnr
1163 667 1201 720 pr.

185 756 224 810 liis
248 770 298 822 non
321 753 368 806 uti.
388 776 423 793 ·-·
446 752 532 804 Porro
549 764 608 802 scu
626 747 692 801 liet
718 764 757 816 pr.
775 747 836 817 flor
855 755 928 801 reete
944 747 1047 802 ridetur
1065 765 1203 806 resocesse

184 855 386 907 Lscnnrrsrsus·
430 849 499 901 Usus
516 853 594 915 poete
611 853 652 899 est
669 846 747 898 tertis
764 861 875 915 persone
892 827 920 899 iu
938 846 1118 918 designatione
1136 850 1201 902 sub-

185 954 263 1019 iecti,
280 950 396 1006 munde
413 951 440 1002 ln
457 948 619 1013 hortatione,
636 947 706 1013 quod
724 948 782 1014 quis
801 949 859 1002 lure
878 933 1071 1018 reprehendet?
1107 953 1158 1008 Vel
1178 955 1205 1006 lu

187 1061 317 1109 certarum
335 1066 502 1121 personarum
525 1050 683 1102 allocutione
700 1046 750 1101 lioc
774 1048 878 1103 admisit
902 1043 1021 1106 leudstus
1038 1054 1072 1107 sb
1093 1053 1206 1109 Husou·

189 1171 237 1207 no
255 1154 289 1207 ss
311 1153 333 1219 ι,
355 1157 381 1218 c,
402 1156 446 1204 ss.
467 1150 602 1203 nonanus
620 1148 650 1202 rt
667 1149 835 1215 xvr1‚sss=
866 1137 982 1215 deiros,
999 1150 1122 1225 :spretos
1140 1152 1205 1226 ἠνή-

189 1271 263 1323 rcprc
280 1247 326 1321 siti
343 1252 478 1314 μέδοντες,
502 1245 553 1299 οἵτε
571 1242 634 1316 παρ’
649 1241 802 1318 Woelfflin,
819 1244 989 1314 Ἀγαμέμνονι
1009 1256 1054 1303 καὶ
1071 1251 1207 1322 Μενελάῳ,

189 1348 272 1421 δήμια
296 1356 426 1413 πίνουσιν,
453 1354 497 1402 καὶ
515 1352 683 1418 σημαίνουσιν
700 1346 808 1406 ἕκαστος
827 1350 907 1409 λαοῖς.
949 1353 1002 1405 Ubi
1019 1359 1106 1407 nutent
1123 1357 1209 1410 incer.

190 1461 233 1505 tue
251 1468 391 1522 personae,
418 1452 503 1505 ninus
529 1450 606 1503 etism
631 1449 698 1503 rnire
721 1466 779 1516 res,
807 1457 834 1504 et
851 1452 914 1505 setis
932 1462 1009 1520 note,
1033 1461 1063 1507 ut
1087 1456 1159 1511 Hos.
1177 1458 1209 1511 ll.

192 1555 291 1619 XXlll,
307 1558 376 1608 285:
402 1549 477 1605 ἄλλοι
502 1554 532 1604 ol
550 1553 689 1604 στέλλέσθε
707 1548 775 1602 sord
794 1548 920 1622 στρατόν,
946 1547 1018 1615 ὅστις
1035 1557 1148 1623 Ἀχαιῶν
1165 1557 1210 1612 ὶζτ.

192 1658 277 1703 ποισίν
302 1672 329 1705 τε
353 1657 462 1704 πέποιθε
485 1655 530 1703 καὶ
554 1643 653 1721 ἅρμασι
671 1651 842 1719 κολλητοῖσιν.
878 1652 915 1705 Et
933 1654 959 1705 ln
978 1656 1059 1721 lyrica
1076 1660 1210 1713 oratioue:

193 1757 317 1810 Ceu-usn.
336 1756 389 1809 lll:
411 1756 509 1828 lugete,
531 1775 547 1807 o
569 1756 683 1806 Veneres
701 1751 889 1823 cupiditasque
905 1762 935 1804 cl
953 1765 1086 1825 quantum
1100 1767 1143 1808 cst
1160 1758 1211 1810 Iso-

194 1856 293 1908 minum
307 1856 498 1911 renuntiatum.
516 1855 616 1921 XXXI,
633 1858 681 1908 14:
699 1852 793 1911 ridere,
811 1852 944 1926 quidquid
957 1861 999 1905 ert
1014 1854 1083 1907 ἀοιηί
1101 1856 1212 1907 corbin-

194 1976 298 2013 nsrum.
338 1961 379 2011 Ac
396 1973 428 2010 ue
449 1955 495 2009 lies
519 1962 617 2010 tentum
643 1955 767 2008 lormules
793 1961 867 2007 notes
891 1955 1013 2019 efferens,
1040 1954 1100 2007 vide
1125 1954 1209 2023 lpsunr

194 2057 329 2109 Tibullum
350 2056 371 2121 Ι,
390 2060 415 2120 6,
433 2059 482 2107 39:
504 2063 570 2105 tunc
584 2052 682 2123 procul
699 2051 810 2110 adsitis,
828 2052 950 2125 quisquis
967 2053 1031 2106 colit
1048 2062 1108 2104 orte
1126 2055 1211 2123 capil-

194 2153 244 2209 los.
263 2180 297 2196 -
317 2156 349 2208 V.
367 2158 411 2207 31.
436 2153 509 2206 Neu
535 2153 690 2221 strepitu
715 2158 847 2205 terrete
865 2151 992 2221 pednnr.
1030 2154 1096 2207 Cum
1113 2154 1157 2206 elii
1179 2171 1211 2205 ne

195 2255 301 2321 melini,
327 2254 443 2309 defendit
462 2251 624 2306 Hnscrrrtrns
643 2267 701 2303 neu.
738 2249 807 2303 Nem
826 2266 876 2303 non
893 2252 976 2304 minus
1000 2260 1072 2306 recte
1091 2270 1120 2307 sc
1138 2255 1212 2310 cxci·

195 2356 269 2423 pinni
293 2373 344 2406 risu
363 2381 398 2396 -
417 2373 485 2411 neu,
509 2369 588 2421 quens
611 2369 643 2403 ne
665 2380 695 2393 -
716 2369 785 2410 neu,
812 2351 846 2407 cf.
867 2352 950 2408 Vrec,
974 2355 1073 2422 Georg.
1093 2354 1128 2422 ll,
1147 2359 1211 2411 298.

199 2456 264 2505 Aen.
282 2454 330 2519 lX,
346 2457 390 2509 4².
426 2454 480 2507 Sed
504 2470 557 2508 non
583 2469 648 2521 opus
666 2451 704 2505 bis
723 2469 807 2517 nnnc3
836 2452 956 2507 'l'ibullns
975 2456 1058 2509 iunxit
1074 2455 1141 2510 hnud
1163 2458 1214 2512 du·

199 2553 256 2605 bisc
282 2554 391 2604 Parcite
410 2580 443 2593 -
464 2556 523 2605 Neu
541 2564 641 2607 terrere
655 2561 705 2608 etc.
742 2553 800 2607 Nec
818 2554 931 2618 turbate,
948 2555 994 2618 nit,
1011 2563 1149 2624 amentem,
1167 2559 1214 2611 sed

200 2653 308 2705 transite
326 2654 376 2706 leni
391 2670 491 2721 gressu,
512 2657 597 2721 tacite,
616 2673 665 2709 nec
682 2655 767 2709 lucens
785 2654 893 2723 propius
909 2652 1085 2720 admoventes,
1102 2665 1132 2708 ut
1150 2674 1214 2712 con-

197 2754 298 2821 spectui
316 2751 445 2805 bominum
463 2760 616 2820 exponatur.
632 2782 669 2794 -
686 2754 719 2806 V.
738 2756 783 2807 39.
811 2751 955 2804 occulet
973 2750 1044 2802 ills.
1080 2752 1140 2805 Non
1158 2759 1214 2811 sinc

197 2853 222 2904 ul
242 2858 282 2907 cst
299 2868 450 2923 pronomen.
488 2854 540 2910 Qui
557 2855 634 2907 dicit:
662 2856 685 2907 si
703 2856 762 2922 quis
778 2852 937 2922 adspexerit,
953 2851 1064 2915 occului,
1083 2849 1116 2903 de
1134 2857 1214 2908 verbo

198 2953 383 3021 propemodum
402 2958 459 3008 solo
480 2956 596 3022 cogitet3
628 2955 768 3022 quinctus
793 2955 815 3006 si
840 2953 898 3020 quis
920 2951 1085 3020 adspexerit,
1113 2954 1216 3004 occulat

196 3051 256 3116 illc,
275 3055 423 3122 expressius
441 3051 500 3105 huic
517 3053 566 3122 ipsi
586 3070 727 3121 personne,
750 3068 919 3120 quaecunque
936 3057 991 3116 est,
1008 3052 1127 3119 inperat.
1163 3051 1215 3104 Ce-

200 3158 285 3203 terum
305 3153 338 3205 cl.
356 3154 377 3218 1,
393 3158 420 3219 t,
437 3157 482 3207 68.
500 3182 538 3194 -
561 3132 599 3207 bl.
619 3158 664 3209 41.
687 3156 857 3222 sanguine
875 3159 996 3207 netem.
1032 3151 1142 3202 Constet
1159 3150 1215 3204 Ve-

199 3264 289 3302 nerem
314 3251 434 3305 abscissis
461 3254 535 3306 Coeli
563 3254 720 3318 genitalibus
748 3254 774 3305 ln
801 3269 874 3305 urere
901 3251 1025 3321 proiectis
1051 3256 1154 3314 netem,
1181 3248 1215 3301 ci.

198 3345 318 3399 Hesion.
336 3346 437 3416 Theog.
459 3355 511 3404 los
529 3366 585 3417 sqq.
622 3352 721 3403 Sensus
745 3358 834 3404 sutem
854 3356 909 3402 est:
940 3349 1014 3403 Sciet
1038 3363 1142 3401 seeum
1162 3349 1216 3403 Ve-

197 3463 296 3501 nerem.
334 3448 365 3503 ln
383 3465 459 3516 quens
477 3466 532 3505 rem
549 3451 686 3505 conserunt
705 3453 787 3504 0v1n.
811 3450 877 3503 Met.
895 3448 917 3514 1,
939 3452 1004 3500 1622
1021 3448 1131 3500 scirese
1150 3465 1214 3501 son-

196 3547 278 3617 guine
292 3555 382 3602 natos.
415 3549 479 3603 ilos
494 3550 566 3602 vides
577 3550 765 3603 substantivum
778 3549 943 3602 Venerem
956 3546 1082 3602 srnbobus
1094 3548 1216 3601 membris

199 3660 335 3700 commune
356 3649 473 3701 susciter
495 3650 522 3701 in
546 3650 670 3718 principio
694 3647 802 3702 secundi
826 3647 956 3716 positum,
987 3654 1016 3701 ut
1032 3656 1102 3703 nnrst
1120 3650 1216 3719 poesis.

199 3744 246 3795 Sic
264 3728 330 3799 inire
347 3746 368 3812 l,
387 3753 414 3812 ⁶,
432 3752 484 3800 86:
513 3749 577 3801 duic
591 3758 673 3820 paret
691 3759 775 3821 eique
796 3746 890 3817 epulas
906 3747 968 3817 ipsa
985 3749 1111 3802 ministra
1126 3758 1216 3820 gerat.

199 3839 221 3903 l,
232 3844 258 3904 6,
269 3846 320 3895 ul:
337 3845 408 3897 lianc
424 3845 516 3899 vident
534 3849 710 3922 inveniamque
724 3860 849 3902 catervae
864 3859 1075 3901 corrtnsemornnr.
1092 3847 1114 3912 1,
1127 3853 1154 3911 ¹1,
1169 3851 1218 3900 49:

200 3949 307 3989 centum
325 3941 397 3997 ludis
415 3946 579 4020 Geniumque
598 3948 699 4001 choreis
718 3945 879 4000 concelebra.
923 3946 1048 3999 Ceterum
1064 3943 1154 3998 colossi
1171 3960 1219 3996 eu-

198 4039 360 4095 sensionem
378 4053 493 4101 nostram
511 4048 544 4101 nd
565 4048 586 4113 1,
608 4052 632 4112 l,
655 4051 698 4101 51.
720 4075 756 4088 -
775 4046 808 4102 V.
827 4049 871 4101 tu.
896 4044 1014 4099 emori
1036 4059 1123 4099 esse.
1158 4041 1218 4094 Non

196 4141 377 4197 necessarium
394 4155 435 4199 est
453 4149 577 4217 supplere
595 4157 709 4208 natans,
736 4149 816 4205 veluti
841 4147 945 4203 dicitur,
960 4148 1047 4200 recle:
1077 4143 1146 4197 unde
1171 4143 1220 4197 es‘t
