3009 4725
595 444 782 508 TlBULLl.
1103 476 1196 516 cutax

171 634 338 696 personam
369 615 522 677 continuo
552 614 720 680 secundam
750 631 884 702 poneret
912 642 1024 703 magns
1055 646 1124 687 eum
1155 630 1195 704 vi,

172 724 211 793 cl.
232 730 279 806 ll,
302 730 340 806 4,
363 732 405 790 5:

256 857 295 920 Et
316 879 374 920 seu
397 856 475 940 quid
496 858 598 922 merui
621 880 678 922 seu
699 858 777 944 quid
798 866 1012 944 peccavimus,
1043 870 1114 934 uait

299 971 387 1033 Uror
407 972 459 1033 io:
487 991 634 1051 remove,
663 993 757 1037 saeva
777 977 899 1056 puella,
927 976 1026 1042 laces!

176 1097 208 1144 et
227 1083 273 1159 ll,
296 1089 334 1160 6,
355 1090 416 1145 27:

261 1196 339 1277 Spes
361 1197 481 1258 facilem
496 1196 658 1260 Nemesim
675 1197 811 1280 spondet
827 1201 919 1280 mihi,
943 1203 997 1265 sed
1016 1192 1109 1285 negat
1132 1209 1195 1271 illa.

301 1309 362 1371 Hei
383 1310 474 1388 mihi,
501 1332 543 1372 ne
566 1311 690 1390 vincas,
719 1310 800 1374 dura
823 1316 943 1395 puella,
973 1315 1081 1380 deatul

173 1440 261 1504 Adde
282 1445 313 1521 l,
333 1452 362 1521 7,
381 1450 420 1506 51
438 1465 508 1528 sqq.
551 1444 693 1507 Similem
714 1448 878 1509 transitum
900 1447 1078 1531 Lygdamus
1099 1451 1195 1513 habet

174 1558 233 1633 111,
255 1561 292 1634 4,
312 1564 342 1619 3.
389 1555 550 1620 Audacior
570 1577 649 1621 vero
669 1561 868 1641 Propertius,
898 1563 953 1644 qui
975 1566 1008 1623 in
1030 1564 1195 1627 continua-

174 1671 259 1732 tione
289 1667 430 1733 eiusdem
459 1669 584 1754 periodi
613 1669 654 1733 ad
683 1670 852 1736 secundam
880 1676 1005 1751 transit,
1039 1688 1074 1739 ut
1097 1678 1142 1755 Π,
1163 1685 1194 1756 9,
1315 1707 1324 1714 ’

177 1789 217 1844 13
240 1803 328 1865 sqq.:
957 1777 967 1792 ‘

261 1908 478 1993 Foedaritque
499 1932 617 1992 eomas,
648 1926 679 1976 et
700 1916 780 1975 tanti
802 1935 917 1997 corpus
938 1919 1052 1982 Achilli

303 2023 507 2107 Maximeque
528 2027 559 2086 in
581 2048 678 2108 parva
700 2027 825 2089 sustulit
846 2048 916 2091 ossa
936 2051 1048 2105 manu,

259 2138 342 2201 Cum
364 2139 423 2202 tibi
443 2160 501 2201 nee
520 2141 633 2203 Peleus
656 2139 765 2204 aderat
785 2153 843 2205 cet.

175 2268 261 2332 Adde
281 2271 341 2349 ΠΙ,
358 2279 388 2349 7,
409 2275 460 2335 11.
482 2285 512 2334 et
532 2270 773 2336 Lachmannum
793 2272 833 2337 etl
853 2276 938 2338 hunc
959 2275 1064 2337 locum
1085 2273 1194 2353 impri-

175 2386 295 2469 misque
318 2384 359 2448 ad
380 2387 439 2465 Ill,
462 2391 512 2450 ts.
534 2409 604 2470 pag.
613 2394 688 2451 285.
729 2386 819 2465 Quas
842 2409 892 2452 res
915 2390 1016 2452 aliena
1038 2412 1056 2452 a
1078 2389 1197 2451 Tibulli

178 2499 380 2581 simplicitate.
429 2500 490 2563 Hic
514 2521 589 2564 vero
613 2503 779 2565 transitum
802 2524 821 2564 a
841 2502 977 2573 secunda
999 2523 1134 2586 persona
1156 2499 1195 2563 ad

181 2612 300 2674 tertiam
320 2617 406 2676 hunc
429 2616 525 2676 habet
547 2616 578 2694 I,
599 2622 636 2692 2,
658 2620 717 2678 35:

263 2715 385 2808 Parcite
405 2746 594 2826 luminssms,
623 2769 678 2809 seu
700 2746 750 2808 vir
771 2765 827 2807 seu
848 2745 966 2806 femina
986 2744 1040 2807 fiat

305 2852 418 2922 Obvia.

174 2973 206 3050 1,
229 2977 266 3050 6,
288 2976 350 3035 39ε

258 3085 342 3147 Tum
362 3085 476 3167 procul
497 3084 621 3160 abelus,
646 3082 789 3167 quisquis
810 3080 884 3143 colit
904 3087 971 3142 arta
992 3075 1136 3162 capillos,

301 3196 342 3259 Et
362 3195 434 3259 lluit
455 3195 557 3260 effuso
579 3195 631 3259 cui
654 3209 727 3276 toga
745 3197 819 3258 laxa
839 3192 927 3271 sinu,
1055 3182 1059 3189 ’

175 3347 257 3411 quos
276 3328 364 3392 locos
389 3330 477 3393 nulla
499 3326 680 3389 necessitate
703 3339 832 3406 cogente
854 3323 929 3387 olim
952 3333 1088 3385 mutatos
1113 3334 1196 3384 recte

174 3445 210 3505 in
237 3442 391 3523 integrum
416 3442 553 3504 restituit
573 3442 805 3506 Lachmannus.
854 3434 937 3501 Nam
961 3435 1099 3501 secunda
1125 3458 1198 3520 per·

175 3576 253 3618 sona
280 3557 315 3617 in
342 3557 522 3619 hortatione
551 3556 652 3619 utitur
677 3564 787 3639 poeta,
816 3550 908 3614 tertia
928 3552 964 3613 in
986 3550 1198 3633 designatione

175 3669 323 3748 subiecti,
362 3690 427 3752 quo
457 3668 538 3730 nihil
569 3668 682 3750 aptius.
736 3668 900 3731 Postremo
928 3662 1008 3727 illud
1035 3675 1132 3739 restat
1159 3660 1198 3723 de

177 3785 381 3866 apostrophos
400 3804 462 3845 usu
483 3768 673 3861 notandum,
696 3783 858 3844 Tibullum
880 3801 946 3843 non
965 3797 1069 3840 amare
1088 3778 1199 3838 multas

176 3894 370 3961 diversarum
390 3916 602 3979 personarum
624 3909 679 3958 aut
698 3917 805 3958 rerum
826 3893 1029 3957 allocutiones
1052 3888 1200 3950 continuo

174 4029 311 4090 ponere,
339 4007 396 4071 sed
416 4010 519 4073 uariat
542 4009 716 4074 orationem
738 4008 923 4092 interposita
946 4000 1038 4067 tertis
1058 4021 1202 4083 persona,

140 4188 145 4197 Δ
172 4123 338 4187 selutisic
364 4124 540 4200 t,1,15:
