3009 4725
324 345 388 405 240
557 337 839 405 COblbIENTAR.
863 341 909 403 ln·
933 341 1107 406 TlBULLl

324 511 409 581 Epist,
435 513 467 578 V,
496 515 556 565 151.
584 518 611 565 et
640 513 755 566 Imitatus
784 520 825 568 est
852 515 961 569 Visun.
987 515 1088 569 Falco.
1116 515 1138 581 1,
1163 519 1226 571 441.
1272 518 1348 573 addo

324 612 453 679 Lygdum.
478 611 525 677 ΙΙΙ,
551 581 579 677 1,1
603 618 646 666 61.
674 616 803 668 111111-
835 624 965 670 tauros.
1005 619 1176 671 Masculinum
1203 634 1286 684 genus
1313 619 1348 673 do

325 727 408 777 grege
425 718 550 779 usurpat,
569 718 703 764 utamini
722 714 825 780 Latini,
844 717 925 768 veluti
944 717 1022 768 etiam
1041 718 1218 770 Peornnrrns
1237 717 1284 780 lli,
1303 722 1346 782 12,

324 814 369 863 29.
393 809 456 863 iecit
482 817 588 863 notante
613 810 759 863 Huseusro
784 811 816 863 ad
836 813 884 876 lll,
906 818 932 878 4,
953 819 997 866 61.
1015 814 1096 879 inira,
1121 814 1165 866 ubi
1183 820 1268 866 temen
1287 814 1347 867 vide

325 922 392 974 quae
415 907 490 961 addo.
508 936 541 946 -
572 909 796 975 prosuerunt,
817 918 880 978 puto
900 912 933 963 ad
952 913 1065 965 animum
1084 913 1187 965 Admeti
1206 913 1347 965 concilian-

325 1010 395 1076 dum,
413 1009 447 1062 ci.
464 1010 486 1076 1,
503 1014 529 1076 8,
548 1014 573 1062 9.
593 1010 627 1075 ΙΙ,
645 1014 671 1076 4,
692 1015 734 1065 15.
771 1012 893 1064 Ceterum
913 985 1014 1064 confert
1032 1013 1167 1066 Harmas
1187 1013 1264 1069 Orid.
1279 1014 1344 1065 Met

325 1110 360 1175 X,
376 1115 428 1163 110
439 1126 495 1176 sqq.
515 1117 542 1162 et
560 1112 695 1162 scaram.
714 1109 852 1174 ΙΙ,19.-
872 1109 903 1162 V.
923 1113 962 1161 13.
983 1113 1026 1163 14.
1053 1111 1094 1163 De
1113 1111 1243 1164 medico
1264 1111 1347 1179 Apol·

324 1210 376 1263 line
400 1210 513 1278 disputet
537 1209 693 1262 Misenum
718 1211 743 1260 in
768 1210 825 1261 libr.
850 1209 883 1262 de
905 1211 1022 1264 Doricus.
1042 1213 1064 1277 l‚‘
1082 1231 1107 1281 p.
1127 1215 1189 1265 401.
1227 1211 1265 1263 nd
1285 1228 1346 1263 sen·

324 1313 431 1364 tentiam
450 1310 548 1362 Tibulli
567 1309 625 1360 ride
638 1312 702 1360 'cum
720 1308 918 1361 Bnoucsuusro
937 1310 1015 1362 Orid.
1032 1310 1097 1363 Met.
1117 1310 1139 1377 l,
1156 1314 1219 1361 621.
1237 1309 1346 1363 Heroid.

324 1412 357 1476 V,
377 1414 436 1463 149.
474 1408 586 1461 Attemle
605 1407 716 1473 denique
734 1408 768 1459 nd
785 1409 985 1462 collocationem
1003 1409 1141 1462 verborum
1159 1425 1217 1462 cum
1236 1410 1344 1463 Vannio

325 1519 353 1565 et
377 1513 530 1565 Hoscasro.
566 1511 614 1563 llle
640 1510 741 1564 confert
767 1512 850 1564 Orrn.
877 1514 977 1567 Amorr.
1006 1514 1026 1578 l,
1047 1518 1073 1578 6,
1091 1517 1142 1566 58:
1170 1513 1258 1582 Quom
1278 1511 1347 1580 soce
1375 1517 1386 1537 ⁶

298 1615 303 1627 '
324 1610 444 1663 sustineo
462 1620 536 1660 recta
554 1609 669 1680 superba
682 1620 789 1679 petoni,
816 1611 841 1664 b.
860 1629 885 1666 e.
910 1613 967 1666 lace
984 1629 1061 1680 quam
1079 1616 1203 1666 sustineo.
1235 1612 1346 1671 lionis·

325 1711 381 1763 sat.
403 1710 437 1774 ll,
460 1713 482 1772 l,
500 1713 551 1761 83:
570 1710 646 1767 Esto,
664 1709 689 1760 si
709 1710 770 1780 qais
789 1709 879 1762 molo:
898 1711 946 1764 ssd
963 1711 1032 1764 borsa
1050 1715 1075 1764 si
1092 1713 1153 1784 quis
1172 1711 1263 1763 Iudice
1282 1730 1345 1764 corr-

325 1807 423 1858 diderit
449 1807 582 1860 laudaias
609 1808 743 1861 Caesare?
780 1810 816 1863 Et
840 1813 966 1869 Lucnssn.
985 1814 1030 1876 Vl,
1055 1816 1115 1866 174.
1151 1814 1209 1866 Aba
1234 1812 1346 1864 Huscrs-

325 1926 389 1966 stus
413 1909 485 1964 addit
509 1907 551 1964 bic
577 1911 653 1963 etad
672 1912 694 1976 1,
713 1917 802 1977 9‚25.
829 1915 873 1967 nbi
902 1917 953 1970 iarn
979 1916 1090 1970 diximus
1115 1914 1148 1967 de
1174 1913 1224 1966 boc
1247 1885 1362 1981 genere⁴

324 2011 490 2066 traiectionis.
526 2011 579 2062 Ubi
597 2010 649 2062 duo
667 2019 728 2064 sant
748 2019 892 2077 commuto,
921 2028 972 2065 uon
991 2029 1050 2065 raro
1068 2027 1146 2064 unani
1165 2028 1254 2065 rocem
1273 2009 1343 2063 inid

324 2125 427 2164 comma
452 2110 633 2178 transpositam
659 2110 774 2174 ridebis,
802 2111 876 2162 euius
901 2116 1018 2161 non-est
1042 2127 1101 2176 pars
1124 2126 1202 2161 senen
1229 2117 1256 2163 et
1280 2126 1343 2163 con-

324 2210 481 2274 structione,
507 2208 553 2261 sed
576 2208 719 2259 conflantur
737 2205 813 2257 ambo
831 2205 946 2256 membre
965 2206 990 2254 iu
1011 2220 1094 2254 unum.
1113 2230 1150 2241 -
1179 2207 1212 2256 V.
1234 2211 1267 2255 15
1284 2224 1343 2271 sqq.

324 2312 405 2382 lpse
433 2312 516 2364 dous
542 2307 695 2360 stabulis
716 2313 765 2359 etc.
808 2306 933 2371 Sequitur
957 2305 1030 2355 locus
1054 2305 1235 2368 suavissimus,
1263 2319 1343 2369 quem

324 2412 441 2466 dolemus
458 2411 606 2461 lacunosum
626 2421 692 2458 esse.
729 2405 770 2459 nd
783 2405 877 2458 rerba:
896 2402 1012 2455 stabulis
1032 2405 1212 2472 expellere
1232 2404 1344 2457 liusen-

325 2528 388 2566 lllbs
415 2509 516 2564 confert
545 2507 640 2573 Odyss.
668 2505 716 2573 lX,
742 2510 806 2559 221.
832 2509 902 2558 312:
940 2507 1039 2574 σηκῶν,
1073 2501 1169 2573 ἄντρου
1197 2500 1345 2562 ἐξελαύνειν.

324 2613 408 2667 Vino.
425 2611 536 2663 (11144.
551 2608 631 2661 dicite
648 2605 776 2675 Propulit
790 2614 822 2657 ul
836 2602 954 2656 stabulis
967 2603 1005 2653 ad
1015 2601 1119 2673 pabula
1136 2602 1212 2653 laeta
1227 2604 1347 2674 capellae

320 2719 432 2778 postor,
458 2726 516 2762 nam
540 2709 575 2761 ibi
595 2708 699 2761 additur
723 2710 796 2760 locus
819 2706 852 2759 ad
878 2721 964 2772 quem·
981 2731 1017 2743 -
1043 2705 1212 2757 Pentsmeter
1231 2707 1298 2758 serie
1318 2707 1344 2759 in

323 2809 397 2861 libris
414 2810 549 2877 suppletus
568 2815 616 2874 ost,
634 2815 661 2861 et
678 2824 731 2860 non
749 2808 837 2875 inepte
856 2806 961 2873 quidem
982 2805 1015 2856 ab
1034 2805 1156 2857 bumana
1175 2805 1228 2856 sicr
1246 2806 1284 2855 Et
1293 2822 1345 2873 po-

325 2915 384 2959 ium
405 2915 505 2975 postas
532 2905 625 2955 ducere
642 2903 819 2973 fluminibus,
847 2921 923 2972 quem
949 2919 1051 2956 versum
1071 2904 1231 2955 Huscnsrrus
1250 2904 1344 2957 iactum

325 3007 447 3060 observat
465 3005 497 3058 nd
517 3004 663 3072 exemplum
682 3004 766 3055 vinc.
785 3002 877 3068 Eelog.
896 3001 944 3065 IX,
962 3005 1011 3054 232
1049 3002 1157 3070 Tityre,
1186 3000 1250 3051 dom
1268 2999 1343 3051 redeo

326 3107 412 3161 brevis
435 3118 477 3161 est
502 3106 562 3170 via,
591 3120 674 3174 posce
700 3104 834 3173 capellas,
860 3112 888 3153 et
912 3112 1008 3171 poium
1031 3111 1130 3171 pastas
1147 3118 1212 3173 nge,
1243 3102 1344 3172 Tityre.

326 3209 401 3264 Quae
420 3223 481 3261 vero
500 3207 629 3272 vituperat
643 3205 680 3267 ,in
698 3205 825 3270 Autispae
843 3203 947 3268 serbis,
977 3204 1070 3270 partim
1096 3202 1256 3269 inauspicato
1280 3205 1345 3257 scri-

326 3307 393 3374 psit,
412 3306 491 3358 velnti
509 3317 561 3356 non
580 3302 640 3355 duci
659 3302 739 3363 boves
757 3301 803 3352 sed
823 3301 875 3366 agi,
893 3317 925 3352 ac
943 3316 975 3353 ne
993 3303 1035 3368 agi
1054 3301 1167 3368 quidem,
1185 3302 1232 3353 sed
1250 3309 1343 3370 sponte

326 3402 364 3455 ire
382 3410 507 3468 sequente
527 3409 646 3471 pastore,
674 3401 745 3468 quod
763 3402 874 3454 iucunde
893 3416 927 3453 ex
948 3403 1066 3455 Hosnno
1087 3404 1180 3471 probat
1197 3403 1227 3455 ll.
1246 3402 1343 3464 xant,

325 3506 379 3554 615
396 3518 453 3567 sqq,
489 3502 531 3555 Ne
557 3505 653 3568 multa3
681 3519 733 3556 non
758 3503 887 3557 contendo
914 3519 973 3556 cum
992 3504 1090 3555 Vossro
1108 3502 1141 3554 ab
1161 3503 1216 3569 ipso
1237 3500 1344 3552 Tibullo

325 3602 470 3672 proiectum
489 3617 547 3655 essa
565 3621 675 3669 versum,
693 3613 720 3658 at
739 3622 786 3674 per
802 3623 832 3659 se
852 3621 902 3658 non
921 3606 1036 3673 irreptum
1055 3593 1127 3669 dico,
1141 3620 1173 3656 nc
1191 3603 1345 3655 seutentiam

325 3702 433 3755 similem
454 3700 571 3769 posuisse
589 3701 631 3760 bic
650 3711 753 3773 poetam
774 3707 885 3758 maxime
905 3706 1046 3774 probabile.
1090 3705 1167 3761 Quod
1186 3710 1270 3756 tnmeu
1292 3705 1346 3755 Arr-

325 3803 427 3870 rispae,
452 3816 503 3853 non
525 3799 622 3867 Tibulli
647 3803 729 3855 fetum
750 3819 798 3857 nos
820 3812 909 3857 tenere
934 3804 987 3855 dixi
1005 3819 1065 3856 cum
1086 3806 1159 3870 aliis,
1184 3820 1260 3855 causa
1282 3803 1346 3856 baec

325 3911 382 3956 est:
414 3905 479 3956 Cum
503 3884 601 3956 verbis:
628 3902 746 3955 stabulis
770 3905 899 3972 expellere
923 3920 1035 3959 roccos,
1063 3904 1096 3957 ad
1122 3922 1217 3973 pascua
1241 3906 1284 3971 agi
1303 3921 1347 3956 ar·

325 4013 411 4058 menta
429 4022 481 4057 non
500 4021 624 4073 expresse
642 4005 688 4057 sed
709 4006 847 4074 implicite,
865 4021 915 4056 non
935 4004 1033 4058 directe
1052 4008 1097 4058 sed
1117 4007 1242 4059 indirecte
1264 4009 1347 4072 signi-

326 4104 432 4168 ficetur,
456 4103 485 4155 ln
508 4104 676 4173 sequentibus
702 4112 746 4158 eut
772 4104 888 4158 additum
909 4104 957 4156 luit
982 4107 1079 4173 aliquid
1098 4108 1123 4160 in
1142 4109 1209 4162 bunc
1234 4124 1346 4171 sensum,
