3009 4725
331 393 381 462 82
623 393 807 466 'slllULLl
846 394 930 466 le.
956 396 1010 466 lV.
1031 414 1055 470 t.

391 579 534 652 Centum
561 580 728 656 secundos
755 582 858 654 Titan
883 583 1093 658 renovaverit
1108 613 1245 675 anuos,

392 710 470 809 lpse
496 726 608 782 tamen
633 709 728 783 velox
756 710 896 786 celerem
924 741 1028 814 super
1052 716 1150 788 edere
1176 745 1302 818 corpus

333 840 529 913 tt5Gaudet
542 867 665 941 equum
680 839 868 941 validisque
882 841 977 914 sedet
995 843 1350 924 moderatoraehabeuis.

385 970 435 1041 Te
462 970 550 1042 duce
575 999 645 1041 nou
676 969 759 1041 alias
785 998 967 1041 conversus
991 989 1085 1070 terga
1113 973 1269 1050 domator

385 1099 508 1172 Libera
536 1101 710 1172 Romanae
737 1098 882 1172 subiecit
906 1099 993 1172 eolla
1021 1120 1168 1177 catenae.

433 1231 504 1300 Nee
531 1246 642 1300 tamen
669 1225 722 1300 his
738 1246 917 1300 contentus
940 1230 1023 1304 eris:
1051 1234 1179 1307 maiora
1200 1237 1345 1334 peractis

381 1358 521 1445 Instant,
548 1373 759 1456 compertum
782 1376 832 1430 est
854 1358 1031 1432 veracibus
1059 1380 1096 1435 ut
1117 1364 1200 1436 mihi
1226 1366 1345 1463 signis,

324 1486 470 1581 tffuQuis
496 1486 747 1590 Amythaonius
774 1506 921 1588 nequeat
944 1507 1071 1564 certare
1095 1493 1297 1593 Melampus.

379 1615 466 1687 Naar
494 1613 598 1688 modo
621 1615 808 1715 fulgentem
834 1617 942 1721 Tyrio
969 1619 1184 1717 subtegmine
1206 1639 1332 1696 vestem

376 1744 543 1817 Indueras
571 1745 700 1818 oriente
727 1745 783 1818 die
808 1745 895 1819 duee
922 1745 1042 1820 fertilis
1072 1749 1172 1838 anui,

378 1872 601 1974 splendidior
624 1874 764 1974 liquidis
789 1903 866 1948 cum
889 1874 950 1949 Sol
968 1895 1076 1976 eaput
1097 1879 1212 1953 extulit
1238 1881 1339 1953 undis

378 2004 421 2076 Et
448 2004 519 2080 sera
545 2004 720 2077 discordes
749 2022 931 2079 tenuerunt
956 2005 1095 2080 llamina
1121 2010 1225 2094 veriti,

317 2134 488 2207 125Curra
513 2163 576 2207 uec
600 2151 752 2206 assuetos
780 2153 924 2232 egerunt
946 2135 1089 2208 {lumina
1115 2161 1251 2222 cursus,

375 2261 469 2356 Quin
487 2261 645 2360 rapidum
663 2260 808 2364 placidis
826 2266 925 2337 etiam
943 2290 1036 2336 urere
1054 2261 1203 2333 constitit
1220 2263 1333 2352 undis,

371 2391 475 2465 Nulla
497 2420 558 2466 uec
586 2394 694 2466 aerias
718 2394 864 2469 volucris
889 2389 1077 2489 perlabitur
1102 2418 1203 2465 auras

368 2520 439 2593 Nee
467 2520 663 2623 quadrupes
690 2524 813 2613 densas
840 2518 1035 2619 depascitur
1065 2548 1187 2621 aspera
1210 2522 1332 2613 silvas,

372 2650 467 2747 Quin
495 2651 616 2751 largita
643 2654 708 2725 tuis
736 2665 815 2721 sunt
841 2667 936 2722 muta
962 2648 1097 2725 silentia
1122 2653 1219 2727 uotis.

311 2780 525 2880 ttoluppiter
550 2783 623 2882 ipse
649 2779 712 2852 leri
739 2797 854 2853 vectus
881 2806 944 2879 per
969 2778 1086 2852 inania
1112 2808 1216 2857 curru

366 2910 478 2983 Asserit
500 2929 532 2985 et
558 2908 650 2984 eaelo
673 2908 821 2982 ricinum
848 2908 946 3010 liquit
973 2908 1163 3014 Olympum

365 3041 565 3141 lutentaque
591 3039 659 3113 tuis
685 3038 846 3140 precibus
871 3067 907 3112 se
930 3041 1089 3140 praebuit
1116 3069 1198 3115 aure

365 3168 562 3270 Cunctaque
588 3169 700 3242 veraci
723 3169 833 3270 capite
860 3169 996 3243 annuit:
1037 3170 1173 3245 additus
1200 3169 1267 3241 aris

363 3303 501 3378 Laetior
524 3300 627 3375 eluxit
653 3320 800 3377 structos
825 3330 930 3403 super
953 3302 1043 3401 ignis
1069 3330 1215 3377 acervos.

303 3452 357 3509 135
417 3436 514 3533 Quin
536 3436 693 3511 hortante
721 3436 786 3509 deo
811 3436 946 3534 magnis
973 3436 1128 3508 insistere
1152 3436 1254 3541 rebus

359 3563 495 3664 Incipe:
532 3570 603 3641 uon
629 3566 720 3639 idem
742 3564 804 3639 tibi
828 3565 897 3638 sint
922 3562 1062 3662 aliisque
1088 3561 1261 3662 triumphi.
1361 3660 1369 3675 ἱ

359 3693 439 3766 Non
464 3711 495 3769 te
520 3696 632 3770 vicino
659 3694 887 3769 remorabitur
911 3690 1011 3762 obvia
1035 3691 1147 3764 Marte

358 3823 471 3900 Gallia
497 3852 561 3898 nee
588 3824 664 3899 latis
688 3825 799 3900 audax
822 3819 989 3921 Hispania
1016 3822 1115 3895 terris

328 3956 425 4031 *Nec
452 3958 524 4030 sera
550 3957 706 4031 Theraeo
728 3954 826 4061 tellus
851 3955 990 4029 obsessa
1017 3955 1157 4045 colono,

296 4086 426 4160 ttoNee
453 4114 519 4183 qua
546 4083 597 4159 vel
622 4084 720 4158 Nilus
746 4086 799 4159 vel
826 4086 919 4184 regia
946 4084 1087 4190 lympha
1114 4083 1288 4185 Choaspes
