3009 4725
485 291 596 355 LlBR.
621 292 661 353 ll.
704 290 827 355 ELEG.
852 293 908 356 lV.
1145 304 1207 358 263

180 475 255 528 Iuvat
280 470 400 527 canlarrs
427 468 571 522 Pnonunn.
592 466 640 530 111,
663 469 712 519 lu:
744 463 883 534 Quaeritis
902 465 972 518 unde
991 466 1079 519 avidis
1098 485 1151 520 nox
1167 470 1209 520 sit*

177 572 297 643 pretiosa
321 566 423 639 pusilis
447 568 487 617 Et
517 566 617 619 Venere
641 563 793 616 exhaustae
821 563 919 615 ἀαιιιηα
948 574 1097 636 queruntur
1122 566 1206 637 opes?

181 675 260 724 eurra
278 668 385 741 quidem
403 665 493 719 tarsis'r
509 684 594 719 causa
611 675 638 716 at
658 664 806 736 manufesta
820 666 922 717 ruinis:
941 668 1081 719 Luxuriae
1095 668 1204 721 nimium

181 767 264 819 libera
281 768 369 839 sucta
392 765 439 816 uia
456 773 506 819 est.
544 763 614 815 Iuda
633 763 708 816 cavia
726 781 825 815 aurum
843 765 930 815 mittit
941 764 1062 836 jorrnica
1081 768 1206 826 uastauit,

180 867 219 917 Ei
236 864 310 917 uenit
326 882 341 915 c
359 861 440 916 rubro
458 861 559 915 concisa
576 861 697 931 Erycina
715 859 784 917 salo,
802 863 839 912 Et
858 865 944 932 Tyros
963 865 1078 918 ostrinos
1093 865 1204 934 praeiret

182 967 296 1018 cadursa
314 964 428 1022 colorus,
454 962 599 1014 cinnamon
623 970 651 1012 et
672 960 752 1011 mults·
767 970 864 1029 pastor
883 961 971 1015 adoria
991 963 1091 1018 Arabs.
1128 969 1205 1017 Haec

181 1064 263 1114 etiam
281 1063 392 1114 clausus
407 1069 566 1133 expugnant
585 1077 663 1111 aratu
676 1056 804 1127 pudicas.
820 1085 849 1096 -
869 1059 962 1128 Pergit
974 1063 1106 1118 Tibullum
1126 1064 1205 1120 hinc

183 1163 305 1216 clavim
330 1163 429 1214 ianua
455 1161 568 1214 sensit
586 1164 638 1212 etc
664 1156 688 1211 h.
708 1173 731 1211 e.
753 1163 784 1209 ut
803 1172 861 1210 cnm
881 1157 996 1213 lissum
1015 1163 1122 1228 loquar,
1147 1163 1205 1218 hinc

183 1277 296 1330 coepero
315 1261 417 1329 puellae
443 1259 514 1312 iores
539 1259 658 1310 occlusas
685 1260 713 1308 el
736 1255 861 1308 custodes
886 1255 996 1324 habere,
1023 1264 1052 1310 ut
1076 1266 1205 1314 amatores

183 1363 227 1429 qui
250 1362 352 1414 admitti
369 1360 508 1426 volebant,
534 1375 598 1413 auro
617 1362 805 1425 emungerent,
832 1356 1046 1424 quemadmodum
1065 1373 1132 1410 nunc
1151 1359 1206 1412 Ne-

183 1461 271 1514 mesis.
308 1459 401 1525 Neque
418 1460 487 1513 euim
505 1457 654 1511 demeritis
673 1454 715 1507 iric
731 1470 816 1508 sermo
833 1470 929 1507 uxores
946 1455 1159 1510 custodientibus.
1170 1484 1206 1497 -

185 1558 299 1622 canis,
315 1555 351 1609 ci.
369 1556 391 1622 1,
409 1560 435 1623 d,
452 1560 497 1609 32.
515 1584 552 1596 -
579 1553 744 1609 custodia
763 1553 858 1607 vieta
881 1561 947 1619 est,
967 1554 1102 1608 confestim
1121 1556 1206 1608 aditus

183 1661 265 1724 putat
312 1655 434 1708 Ceteram
467 1653 581 1707 reddidit
616 1654 701 1706 locum
736 1653 902 1704 nurus-nun
934 1651 1206 1706 Tnusssnonsosnsrs

183 1752 289 1807 Anthol.
314 1756 361 1808 Gt.
388 1754 447 1820 Vll,
472 1753 565 1823 Epigr.
590 1759 658 1807 ldis
688 1747 743 1804 Ἢν
770 1753 815 1813 μὶν
838 1747 889 1823 reip
915 1747 945 1802 uo⁸
967 1747 1092 1822 χάραγμα
1117 1756 1205 1824 φέρῃς,

184 1852 273 1912 φίλος·
299 1847 358 1905 οὔτε
383 1848 503 1924 dvpopa'c
520 1848 561 1904 Ἐν
584 1847 674 1913 πόσιν,
700 1846 760 1902 οὔτε
785 1845 852 1902 κύων
876 1853 901 1902 iu
925 1848 1069 1923 upada'ipotc
1092 1853 1205 1914 tiones,

184 1954 255 2020 quod
269 1954 407 2008 Mutunus
425 1956 524 2024 primus
540 1953 650 2007 contulit
661 1952 834 2005 transferens:
854 1951 925 2002 Nam
936 1954 1053 2020 pretium
1067 1953 1090 2002 ai
1101 1951 1205 2021 grands

178 2052 275 2123 jeraa,
303 2071 351 2106 nac
368 2054 469 2108 ianitor
486 2054 560 2107 allus
579 2056 635 2105 Neo
651 2053 760 2106 vinctus
782 2052 886 2126 rigidas
904 2061 963 2104 siat
981 2052 1056 2104 cunis
1074 2062 1138 2103 unic
1153 2053 1203 2123 fo·

184 2170 235 2206 rea.
253 2180 291 2195 -
308 2155 340 2209 V.
359 2160 395 2209 35
412 2172 469 2224 sqq·
487 2157 691 2224 quicunqne
708 2156 896 2222 caedentis,
913 2156 1059 2210 rarissimus
1076 2173 1138 2210 usus
1157 2172 1205 2210 vo-

184 2255 223 2308 cis
250 2257 276 2308 in
302 2257 425 2324 singulari
453 2272 570 2312 numero.
615 2256 670 2310 Sed
696 2255 853 2310 mouendum
878 2263 939 2312 ante
964 2259 1051 2311 omnia
1077 2255 1110 2311 dc
1134 2273 1203 2312 nexu

184 2355 370 2409 sententiarum
385 2366 434 2410 est.
470 2358 507 2411 lJt
524 2373 573 2428 par
591 2361 648 2411 erat
665 2358 690 2410 lu
708 2358 815 2424 affectu,
834 2358 943 2427 primum
961 2364 1112 2413 exsecratur
1127 2357 1204 2411 luxu-

185 2452 241 2506 riae
257 2462 422 2522 ornamenta,
448 2464 502 2510 tum
523 2473 627 2513 causam
646 2462 753 2528 exponit
771 2461 967 2512 exsecrationis.
1006 2460 1056 2512 His
1073 2460 1141 2514 enim
1159 2475 1206 2513 or-

185 2556 314 2611 namentis
336 2573 430 2612 arurae
454 2559 539 2614 iactas
563 2563 667 2630 puellas
691 2568 718 2615 et
743 2559 855 2615 vendere
880 2560 974 2614 callide
992 2568 1082 2615 noctes
1106 2564 1205 2617 didice-

183 2662 254 2711 runt.
290 2659 358 2712 Tum
382 2660 494 2713 absolsit
518 2664 719 2732 explicationem
745 2662 806 2715 mali
831 2659 921 2713 addito
947 2660 1039 2711 ultimo
1064 2667 1205 2715 momento.

185 2754 246 2810 Non
263 2765 334 2812 esset
351 2774 446 2826 passe
464 2766 563 2816 tantum
581 2762 677 2817 malum
695 2763 818 2829 avaritia,
843 2761 892 2814 uisi
910 2758 1074 2830 pulchritudo
1091 2761 1202 2813 accede-

184 2861 242 2922 ret,
265 2874 334 2925 quae
351 2859 409 2927 ipsa
424 2858 538 2913 devincit
555 2865 712 2926 amatorem,
737 2866 767 2912 ut
785 2859 921 2913 discedere
940 2873 991 2911 uon
1008 2857 1098 2926 possit.
1137 2858 1204 2911 Qui-

185 2971 288 3025 cunque
311 2958 393 3025 igitur
412 2959 478 3013 deus
500 2958 718 3029 pulchritudinem
745 2959 819 3013 dedit
843 2960 941 3026 araris,
965 2958 1076 3012 absolvit
1101 2958 1203 3010 malum.

185 3054 254 3109 Nam
278 3057 315 3109 ita
341 3061 458 3112 oriuntur
483 3061 593 3113 lictus
619 3062 785 3115 exclusorum
803 3062 960 3124 amantium,
984 3058 1029 3125 qul
1054 3056 1204 3108 satisfacere

183 3156 307 3210 avaritiae
325 3159 468 3226 puellarum
487 3175 539 3212 non
559 3168 682 3226 possunt,
701 3167 729 3214 at
746 3162 845 3214 rixae
863 3174 923 3213 cum
942 3157 1051 3226 puellis3
1075 3156 1113 3208 ita
1131 3154 1204 3207 deni-

183 3268 236 3322 que
253 3254 349 3309 iactum
365 3265 396 3310 ut
413 3260 491 3313 edam
511 3257 577 3310 deus
595 3259 680 3310 Amor
696 3256 810 3329 insumis
828 3259 919 3321 fieret,
943 3257 987 3322 qni
1007 3268 1053 3323 per
1071 3254 1205 3306 avaritiam

181 3358 327 3426 puellarum
348 3357 423 3412 bouis
446 3360 552 3413 invenes
578 3364 666 3412 exuat
686 3385 721 3396 —
751 3355 893 3410 Videamus
918 3368 986 3405 onoc
1010 3353 1114 3419 singula
1136 3366 1205 3418 qnae

180 3462 286 3511 miani.
326 3459 437 3514 Quale
455 3459 594 3524 bonnm,
612 3472 689 3526 qnam
707 3455 830 3510 acerbum
849 3455 945 3507 bonum
963 3452 1063 3506 addidit
1082 3454 1206 3506 avaritiae

181 3559 263 3611 malls.
297 3561 353 3613 Pro
378 3561 502 3614 attulit
528 3560 595 3614 bauo
620 3560 681 3613 ltail
708 3556 879 3611 emendarunt
901 3556 1023 3614 addidit,
1050 3556 1121 3625 quod
1147 3561 1206 3625 post

182 3652 257 3703 &dle
276 3661 374 3725 optima
397 3662 514 3727 dictnm;
541 3677 600 3715 nam
625 3662 652 3715 ln
677 3660 768 3714 dolore
799 3666 845 3712 aut
869 3675 1001 3712 sarcasmo
1024 3656 1205 3713 similitudines

180 3765 303 3807 sonorum
332 3760 456 3815 acerbum
487 3763 617 3830 quoddam
649 3776 758 3816 acumen
789 3757 893 3812 habent.
941 3756 1059 3809 Abdidit
1086 3770 1149 3808 sero
1178 3761 1206 3808 ct

179 3852 266 3922 ipsum
284 3855 319 3907 ab
343 3857 419 3911 Italis
444 3863 603 3932 proiectum,
632 3864 701 3934 quod
725 3864 827 3921 Vossso
855 3857 974 3914 fraudem
1001 3858 1080 3923 lecit,
1109 3858 1204 3910 nullius

179 3952 259 4022 prelii
285 3959 335 4007 eut.
382 3956 454 4009 Beue
484 3964 551 4016 culm
578 3964 728 4032 Hormus,
756 3966 912 4023 observante
940 3958 1018 4011 etiam
1044 3958 1204 4011 Hnscnuso:

175 4050 282 4117 „torma
299 4053 384 4106 latere
402 4056 524 4120 nequit.“
542 4088 576 4103 -
602 4062 687 4118 lectt
711 4073 747 4120 or
772 4063 910 4130 infamis
927 4066 1030 4113 esset.
1066 4058 1113 4111 Est
1131 4056 1199 4125 secie
