3009 4725
348 420 388 475 92
580 408 861 476 COMMENTAR.
883 407 929 474 IN
950 409 1123 474 TIBULLI

346 584 406 640 inde
423 583 495 639 addit
508 597 594 639 sun
608 584 702 639 moiiiri
715 582 839 654 psuistiur
855 598 932 650 eone,
950 583 1067 638 similiter
1080 584 1106 635 in
1124 599 1220 649 umore,
1240 585 1365 651 uirides,

346 685 482 737 vincuntur
500 683 573 737 moiii
592 690 700 753 pentorn
718 682 784 736 durs
802 700 898 753 prece,
916 684 965 751 lii,
982 687 1009 750 4,
1027 688 1070 737 id.
1107 683 1147 736 De
1174 700 1198 738 s.
1224 685 1365 753 peredit

345 783 380 838 ei.
398 783 523 837 Losssn.
540 784 563 849 1,
580 787 643 839 8²7.
680 783 720 838 Ad
746 785 902 838 sententium
926 781 1168 847 videiduusru13
1194 783 1364 837 Bnoucrun·

345 899 403 937 stus
427 891 561 954 oonpsrst
580 885 663 938 Otto.
683 887 739 939 Art
759 888 815 939 Am.
834 885 857 950 1,
874 887 941 938 sto:
969 879 1043 951 Quid
1059 879 1145 951 magis
1162 847 1209 932 esd
1221 898 1289 932 soso
1307 881 1359 933 du·

345 1000 420 1040 rum,
448 981 516 1054 quid
536 980 643 1036 mollius
667 980 765 1034 undu?
805 983 887 1033 Dura
912 989 1001 1030 iumen
1028 976 1102 1029 molli
1128 992 1199 1029 saxa
1227 986 1362 1029 cavantur

345 1095 428 1150 aquo.
463 1080 605 1134 Praeterea
632 1095 648 1133 e
671 1079 781 1134 Graecis
804 1084 894 1132 notoni
918 1082 959 1131 est
982 1079 1096 1143 τέγγων,
1122 1090 1191 1144 equs
1214 1076 1313 1130 mollire
1332 1083 1360 1129 et

344 1191 485 1244 mnoersre,
504 1177 650 1232 vinosus.
663 1177 696 1230 sd
709 1176 774 1230 Eur.
788 1175 895 1243 Hippoi.
913 1191 938 1229 s.
951 1178 1014 1229 ³⁰³.
1032 1176 1148 1230 Ruuss.
1166 1175 1200 1229 ed
1213 1174 1282 1228 Tim.
1293 1174 1362 1228 Lex.

343 1297 369 1348 p.
386 1281 450 1334 240.
486 1277 563 1333 Unde
580 1273 704 1344 ἄτεγκτος
722 1293 761 1346 pr.
780 1272 908 1347 σκληρός,
925 1273 1073 1338 ἀμείλικτος
1091 1276 1141 1331 diei
1160 1281 1277 1342 consiti,
1293 1290 1317 1328 v.
1337 1291 1360 1329 c.

343 1380 428 1434 Sors.
447 1379 514 1434 Oed
532 1380 568 1434 tt.
586 1383 648 1433 usu.
685 1378 745 1431 Hes
770 1380 851 1445 igitur
876 1376 1056 1432 similitudines
1073 1384 1181 1445 spertue
1198 1383 1266 1429 sunt
1302 1373 1360 1429 Sed

343 1481 427 1535 sninns
444 1485 551 1550 sportae
568 1478 651 1548 primo
668 1478 794 1546 adspectu
812 1482 960 1544 sequentes.
1003 1480 1038 1530 ut
1056 1477 1124 1529 enim
1141 1490 1225 1530 uses
1243 1480 1360 1530 mature-

342 1584 383 1631 tss
400 1583 479 1648 poete
495 1575 585 1631 isudst
601 1577 703 1646 opinor,
720 1590 778 1628 oum
797 1576 876 1628 etism
894 1575 989 1628 suroris
1006 1574 1120 1628 fructum
1136 1554 1237 1628 duiseru
1256 1581 1360 1644 ternpus

343 1682 474 1731 maturare
492 1675 596 1743 debent,
612 1683 750 1743 antequem
769 1675 873 1745 decerpi
891 1678 983 1744 possit,
1002 1681 1030 1728 et
1047 1674 1262 1742 quemsdnrodum
1280 1692 1361 1730 annus

343 1775 370 1827 iu
394 1776 468 1829 oseio
493 1776 567 1842 ugit
590 1790 612 1828 s.
630 1774 736 1828 adducit
761 1773 878 1828 iusidn
902 1773 1017 1827 sideru
1042 1782 1115 1828 ceris
1132 1776 1206 1839 vioe,
1229 1776 1269 1829 sie
1286 1777 1362 1830 etiarn

342 1876 439 1929 suroris
455 1875 521 1929 verti
539 1880 648 1944 possunt
664 1882 791 1945 tempore
829 1876 947 1929 Obserss
971 1890 1049 1943 porro
1072 1874 1270 1929 ooucinsitstem
1288 1890 1361 1929 oom-

317 2029 329 2050 ‚
342 1972 486 2043 positionis.
522 1971 682 2027 Nemetis
700 1974 785 2043 prisno
803 1972 914 2027 disticho
932 1974 1003 2028 ieros
1020 1974 1108 2026 leones
1133 1978 1161 2026 et
1183 1989 1217 2026 ex
1235 1974 1361 2026 usnima-

341 2072 377 2125 tis
394 2070 465 2140 qnod
485 2069 665 2138 durissimum,
691 2086 756 2124 ssxs
780 2073 941 2141 composuit,
967 2072 1006 2124 sio
1023 2070 1057 2124 de
1074 2072 1157 2124 nitero
1175 2070 1362 2137 recordaberis,

342 2168 460 2236 legitime
483 2169 554 2239 opud
577 2174 681 2224 veteres
704 2169 810 2236 frugum
828 2169 986 2222 incremento
1002 2184 1034 2220 uc
1051 2170 1226 2221 ursturitstern
1245 2179 1273 2220 et
1289 2169 1361 2224 side-

343 2283 400 2322 rnsu
419 2275 493 2324 ottus
510 2270 641 2338 coniungi.
677 2271 777 2327 Quodsi
801 2272 912 2337 deniquo
937 2270 1015 2320 etiem
1033 2267 1150 2320 ordinem
1168 2280 1255 2321 rernm
1275 2273 1362 2321 etten-

342 2365 436 2434 dimus,
453 2376 526 2423 reete
543 2376 622 2438 poets
639 2370 753 2423 seeundo
772 2369 830 2422 ioco
848 2369 935 2437 posuIt
952 2382 993 2433 es,
1010 2382 1119 2435 quorum
1137 2366 1249 2421 nnsxiunn
1266 2367 1306 2420 vis
1324 2368 1358 2421 sd

342 2465 484 2519 iaciendum
509 2470 602 2534 tideus,
628 2483 687 2522 oum
713 2468 780 2521 eseli
803 2474 876 2520 eerts
901 2466 959 2519 sies
983 2471 1114 2532 reguntur.
1156 2464 1226 2518 Nsm
1253 2467 1361 2534 iongs

342 2564 415 2618 dies
439 2565 596 2621 indefinitius
621 2573 650 2620 et
674 2567 757 2620 rusius
781 2573 885 2636 tempus
908 2563 1021 2631 iudicet,
1047 2579 1155 2618 sunus
1179 2564 1314 2621 definitum
1331 2573 1361 2621 et

342 2664 454 2733 brevius,
477 2675 582 2722 etcum
600 2669 688 2739 priore
705 2674 814 2723 eventus
833 2667 923 2723 incerti
942 2665 1067 2736 temporis
1085 2663 1205 2730 hamunt,
1223 2665 1314 2718 ultimo
1331 2666 1358 2718 iu

341 2763 451 2820 distieiro
474 2783 507 2821 es
530 2769 632 2838 posuit,
657 2783 767 2836 quorum
792 2766 951 2819 certissimus
976 2771 1017 2818 est
1041 2766 1108 2817 iutrs
1131 2769 1231 2817 eertum
1256 2770 1359 2832 tenipus

341 2871 513 2919 eventuu-
540 2866 573 2919 V.
590 2869 625 2917 21
644 2880 702 2932 sqq.
739 2863 811 2918 Nee
836 2866 952 2918 iurare
977 2864 1065 2917 time.
1103 2863 1359 2918 Vidimusoonstnu·

342 2965 404 3017 ttsu
422 2962 596 3021 commendari
618 2963 772 3017 amatoriis
797 2960 978 3031 persequendo
996 2963 1119 3028 consilio,
1143 2962 1253 3016 necdum
1270 2961 1356 3016 disee·

341 3064 397 3133 dit,
414 3065 522 3134 opinor,
539 3065 573 3118 sb
591 3063 641 3118 hoo
658 3063 773 3117 themate
790 3064 919 3133 Priapus,
936 3062 984 3116 sed
1003 3079 1062 3116 oum
1079 3070 1158 3117 tonsu
1178 3064 1303 3131 propositi
1320 3064 1359 3116 vir
1419 3086 1422 3091 ⁴

342 3162 403 3216 nihii
421 3163 513 3230 fugere
530 3162 625 3215 debat
643 3163 712 3229 quod
731 3160 857 3230 prodesse
876 3162 967 3231 possit,
985 3161 1050 3215 deus
1065 3178 1132 3215 nuno
1150 3163 1231 3216 iosus
1245 3163 1359 3216 omnium

341 3265 516 3318 tustunndum
540 3264 671 3330 nomiuut,
698 3270 820 3332 tanquan
844 3265 983 3317 niaximum
1008 3266 1035 3317 in
1060 3262 1163 3316 tutibus.
1205 3261 1257 3314 Est
1280 3263 1360 3329 igitur

342 3382 437 3420 nexus:
466 3367 523 3421 Neo
540 3367 628 3421 iurare
647 3367 726 3433 time,
743 3366 790 3419 sed
809 3367 927 3435 pertinax
948 3381 1051 3433 semper
1071 3365 1098 3415 iu
1111 3365 1220 3433 incepto
1238 3364 1278 3415 vei
1296 3376 1359 3429 per·

341 3464 408 3517 inrio
426 3471 510 3532 utere,
527 3466 571 3519 ubi
590 3465 762 3520 oommodum.
781 3494 816 3504 -
843 3465 936 3519 venti
952 3464 1054 3517 irritu
1072 3463 1197 3518 ierunt.
1233 3462 1360 3515 Usitstis-

341 3562 407 3614 simu
425 3563 531 3630 locutio,
549 3550 579 3619 nt
596 3571 706 3630 constat,
724 3564 759 3618 do
776 3563 816 3629 iis,
833 3579 899 3632 quse
914 3563 948 3616 nd
966 3563 1066 3617 irritum
1079 3561 1182 3616 endunt.
1218 3558 1260 3613 Oi.
1277 3559 1359 3611 Gun-

341 3676 458 3715 usnnuu
483 3664 517 3716 ed
541 3664 566 3720 ir.
592 3667 641 3722 loo.
671 3667 777 3721 lucoss.
802 3665 835 3719 ed
860 3664 999 3731 Antinoiog.
1025 3665 1060 3717 T.
1079 3663 1125 3716 ΙΙΙ.
1151 3664 1181 3716 P.
1200 3661 1222 3714 Ι.
1248 3679 1275 3731 p.
1292 3664 1357 3714 2³7.

343 3761 520 3816 Maroneus.
538 3764 572 3819 ud
589 3766 682 3822 Horst.
700 3768 723 3835 l,
740 3773 786 3836 Μ,
799 3772 826 3819 2.
863 3766 920 3821 Nos
937 3766 970 3820 sd
989 3767 1072 3819 Piso.
1091 3765 1169 3831 pyus.
1188 3763 1235 3818 vl.
1254 3780 1280 3832 p.
1294 3766 1359 3818 27³.

341 3861 420 3921 Quod
435 3863 550 3919 sddituns
566 3864 606 3920 irio
623 3882 681 3936 per
699 3872 813 3921 terres
831 3873 864 3920 ot
881 3867 894 3920 i
898 3873 987 3930 retu,
1006 3871 1086 3934 suget
1104 3865 1155 3917 vini
1174 3862 1313 3917 locutionis
1330 3867 1360 3914 et

340 3964 483 4032 signifieat:
501 3966 580 4034 longe
596 3966 732 4031 unierunt,
750 3967 783 4021 ci.
803 3967 824 4033 Ι,
841 3972 867 4033 ὅ,
888 3971 933 4020 us.
969 3969 1005 4020 At
1029 3981 1091 4035 per
1115 3965 1206 4018 irets
1229 3976 1360 4016 summu

340 4068 394 4115 ests
418 4082 464 4132 per
481 4066 644 4134 superficient
663 4062 756 4130 ureris,
774 4082 795 4118 s.
814 4080 894 4132 rupo
913 4082 1045 4136 aequora,
1073 4070 1102 4115 ut
1119 4063 1157 4116 eit
1180 4061 1305 4114 Lucnsr.
1326 4059 1359 4121 V,

341 4165 418 4215 md.
445 4164 564 4219 inudstus
587 4182 603 4218 s
630 4169 744 4223 i'ussso.
782 4166 860 4224 onon
886 4182 936 4220 uon
961 4173 1001 4220 est
1025 4165 1164 4219 ridieuiuur
1183 4170 1230 4218 eut
1248 4161 1361 4215 otiosum
