3009 4725
323 397 386 454 262
560 390 843 458 cOnlntttNTttt.
863 395 907 459 ΙΝ
930 395 1102 458 TIBULLl

325 565 472 632 significans
496 571 609 623 colorem
635 571 710 624 lanae
736 575 879 627 naturalem
906 589 953 644 per
970 591 998 627 ae
1016 586 1119 626 suarem
1147 579 1175 627 et
1199 578 1344 645 pulchrum,

325 665 435 720 Constat
457 682 521 722 rero
545 670 671 740 imprimis
697 672 825 727 Milesiam
851 674 990 742 purpureis
1007 672 1120 726 reatibus
1138 672 1289 732 adhibitam,
1309 708 1345 720 .-

325 764 443 819 omem
458 765 570 835 denique
587 773 808 825 oonatruotluuem
827 780 970 838 mutatam
996 789 1052 826 uam
1072 777 1132 841 port
1149 772 1243 827 rerba:
1273 780 1345 844 qui·

324 878 458 930 cunque
483 868 572 935 legit
598 869 803 938 viridesque
821 871 1036 937 antaradon,
1062 875 1342 940 exspectaueriealiud

325 965 378 1017 tale
394 965 596 1035 anbrtautirnur,
620 970 690 1037 quod
708 969 789 1021 aerbo
808 968 875 1038 legit
892 967 1115 1022 aeeorumorlaturn
1133 970 1182 1034 ait,
1207 985 1274 1024 nune
1292 987 1341 1024 aa·

325 1073 378 1119 tera
395 1083 489 1123 nurum
507 1070 612 1123 verbnm
632 1069 717 1123 inlert.
753 1069 839 1120 Canae
855 1065 1002 1120 anacoluthi
1020 1075 1122 1136 aperta.
1158 1069 1219 1123 Non
1236 1078 1341 1140 poterat

324 1167 375 1222 diei
393 1167 511 1242 legitque
536 1176 563 1223 et
586 1168 707 1239 tinguit,
733 1169 794 1235 quia
812 1169 851 1221 rie
870 1168 957 1237 potior
974 1168 1121 1222 sententiae
1139 1184 1190 1221 nou
1213 1172 1239 1221 in
1257 1171 1344 1222 vernia

324 1273 379 1334 eat,
397 1269 443 1322 aed
463 1272 487 1323 lu
505 1268 627 1320 anbieetia
643 1273 671 1320 et
689 1269 785 1331 rebar,
806 1282 874 1334 quae
891 1273 1029 1335 repertae;
1046 1283 1128 1334 quare
1147 1284 1206 1320 cum
1225 1267 1343 1320 subiecta

325 1369 412 1436 potina
435 1369 499 1434 erigi
524 1367 664 1432 deberent,
691 1367 741 1422 lroo
765 1369 802 1421 ita
827 1369 904 1434 lecit,
930 1373 961 1421 ut
978 1367 1152 1421 anacoluthon
1172 1370 1230 1420 lere
1248 1366 1343 1421 inlerre

326 1465 429 1530 mallet,
455 1480 531 1531 quarn
557 1463 712 1520 seutentiam
737 1467 763 1518 vl
787 1468 933 1519 neceesaria
957 1466 1068 1535 privare.
1106 1469 1192 1534 Atque
1211 1469 1247 1520 ita
1264 1483 1343 1535 saepe

325 1566 466 1634 aorlptorea
484 1565 658 1619 anacoluthon
684 1568 836 1635 praeierunt
854 1573 960 1637 propter
978 1569 1137 1632 sententiaa,
1161 1583 1228 1634 quae
1246 1568 1289 1634 qni
1309 1583 1343 1620 eu

325 1664 485 1732 negligentia
511 1665 644 1730 derivant,
674 1666 799 1720 falluntur
822 1667 937 1733 egregie.
958 1695 993 1707 -
1021 1666 1055 1717 V·
1071 1669 1108 1718 29
1123 1681 1162 1733 aq.
1199 1666 1263 1719 Hic
1287 1666 1346 1719 dat

325 1766 496 1818 auaritiae
522 1781 661 1830 caueae,
689 1764 714 1818 ir.
737 1780 762 1818 e.
788 1766 919 1831 origines,
938 1766 1052 1830 aerariae,
1078 1765 1245 1829 nutrimenta,
1269 1764 1343 1816 adiu-

326 1872 428 1931 menta,
445 1872 475 1917 ut
493 1865 625 1918 tiranni
643 1864 721 1930 uidit,
739 1865 783 1933 qul
802 1865 931 1933 explieatr
954 1863 1013 1917 ltine
1032 1865 1130 1931 oritur,
1148 1872 1278 1931 rnorem,
1296 1867 1345 1918 ali·

326 1969 369 2015 tur
385 1964 509 2030 auaritia,
531 1980 684 2033 eomparana
702 1965 786 2018 0r1n.
806 1968 907 2018 Amorr.
926 1963 960 2030 lt,
980 1968 1024 2030 lu,
1043 1971 1125 2019 extra
1147 1964 1258 2037 ingemo
1278 1982 1344 2017 cou-

326 2077 374 2112 aae
389 2070 422 2113 ru
442 2060 520 2114 dabie
538 2081 595 2115 nno
613 2081 685 2121 meo,
713 2063 737 2118 h.
758 2080 781 2117 e
805 2066 954 2129 materiam,
973 2071 1127 2133 argumenta
1144 2067 1299 2128 carminum,
1318 2071 1345 2118 et

325 2161 399 2216 Ful.
414 2162 461 2228 Ν,
479 2166 523 2216 Μ.
550 2161 584 2217 de
608 2164 726 2218 Vellere:
759 2162 814 2214 Illa
837 2162 908 2216 soria
933 2180 1033 2215 cautae
1051 2162 1243 2233 arboribusque
1261 2162 1345 2218 dedit.

330 2262 450 2316 Vunrtua
470 2263 537 2315 maie
562 2263 743 2317 exenaationee
767 2263 938 2330 intelligebat
977 2263 1069 2317 Lectio
1093 2262 1203 2329 denique
1229 2278 1345 2329 quorun—

328 2364 387 2418 dam
405 2362 529 2416 librorum
547 2361 670 2415 stimulor
687 2362 944 2433 interpretamentum
963 2371 1019 2431 eat,
1044 2380 1092 2418 nee
1108 2361 1222 2417 debebat
1238 2364 1346 2419 delendi

328 2468 568 2520 aBnoncnruaro.
588 2494 622 2505 -
657 2465 724 2519 Coa
749 2468 882 2532 reatin,
908 2466 944 2522 ol.
969 2467 1004 2533 ll,
1028 2471 1055 2533 3,
1080 2470 1125 2521 ⁶³.
1143 2494 1179 2506 -
1208 2465 1347 2529 concha,

329 2570 408 2622 bacea
426 2582 493 2635 quae
513 2572 555 2619 eet
570 2566 596 2619 iu
614 2565 712 2620 conella
732 2566 1028 2639 (Mnacbelgewocln)‚
1046 2566 1080 2621 ei.
1101 2566 1199 2621 tienne.
1218 2567 1251 2619 ad
1271 2566 1347 2619 Ouid.

329 2669 384 2720 Art
406 2670 463 2720 Am.
482 2666 530 2733 tlt,
548 2670 609 2721 1²4.
646 2665 831 2733 intelliguntur
855 2667 1012 2733 margaritae
1036 2682 1057 2721 a.
1084 2667 1210 2733 nnlonea,
1231 2671 1261 2717 ut
1284 2681 1348 2717 cou-

329 2772 390 2820 atat.
426 2766 553 2820 Similiter
569 2767 618 2831 lli,
635 2768 661 2825 t,
679 2769 723 2819 11.
740 2793 777 2805 -
794 2779 810 2817 e
828 2764 932 2817 rubro
950 2766 1048 2829 mari,
1065 2764 1135 2835 apud
1154 2764 1242 2831 ladon,
1259 2761 1293 2815 el.
1313 2761 1348 2826 ll,

328 2869 419 2931 21⁶.
446 2893 470 2905 -
499 2864 637 2918 Postremo
662 2862 695 2917 de
717 2863 905 2933 oompoaltlone
929 2862 1033 2918 diatlelti
1060 2863 1127 2918 dieo.
1163 2864 1230 2917 Cum
1254 2863 1348 2915 verber

332 2964 386 3016 Hic
403 2963 453 3014 dor
470 2963 607 3015 avaritiae
624 2981 723 3017 cunrat
741 2983 780 3022 ae.
804 2969 962 3021 omameutia
980 2967 1051 3032 ielis,
1078 2967 1148 3019 dlota
1166 2965 1218 3017 aint
1235 2979 1274 3033 pr.
1296 2961 1349 3016 ch

328 3064 440 3132 quaein
458 3060 570 3116 medinm
589 3063 681 3130 affert,
699 3064 761 3117 daut
779 3067 904 3120 avaritiae
920 3082 1027 3133 moras,
1052 3066 1171 3119 adiunxit
1188 3062 1296 3117 deinde:
1322 3071 1350 3111 er

329 3164 384 3211 Coa
401 3160 485 3212 oralia
501 3168 529 3210 et
545 3159 662 3216 concha,
684 3175 733 3212 neo
751 3167 840 3229 puteat
856 3163 965 3230 intelligi
985 3177 1109 3230 quaenam
1126 3160 1167 3213 nie
1184 3174 1280 3226 magna
1298 3157 1350 3209 dil·

330 3260 430 3313 lloultaa
447 3260 490 3313 alt
527 3258 579 3311 Ubi
603 3259 644 3311 vel
671 3274 800 3327 perronae
824 3262 866 3314 rel
891 3277 934 3314 rea
959 3262 1086 3315 nominari
1109 3262 1233 3329 poaaunt,
1260 3255 1351 3323 quidni

329 3364 402 3414 reete
419 3361 497 3414 etiarn
516 3373 657 3428 conponat
675 3365 812 3427 utrumqne
831 3362 984 3429 praesertim
999 3363 1024 3413 in
1039 3357 1233 3415 enumeratione
1246 3353 1353 3409 viride?

330 3456 397 3511 Nam
416 3459 443 3510 ln
469 3459 662 3513 enumeratione
685 3474 728 3512 rea
751 3475 785 3512 ue
803 3460 934 3513 minimam
951 3460 1057 3527 quidem
1076 3459 1245 3512 offertionem
1263 3452 1350 3506 tabet

328 3559 384 3613 Sed
409 3559 487 3613 etlam
512 3561 547 3613 ob
570 3563 647 3615 aliena
671 3578 775 3616 canaam
798 3562 919 3616 Tibullue
937 3563 959 3629 1,
978 3566 1021 3628 io,
1039 3566 1085 3615 26.
1103 3564 1149 3613 26.
1175 3557 1353 3627 algnitloanter

330 3659 412 3735 lfarea
436 3664 463 3711 et
487 3657 596 3713 hoatlam
621 3662 647 3712 ln
666 3679 717 3715 uua
735 3665 928 3717 constructione
945 3663 1102 3733 composuit.
1145 3661 1254 3713 Frustra
1272 3656 1356 3723 igitur

327 3762 490 3817 Horonnne
514 3762 593 3814 Haeo
619 3765 766 3819 emendavit
785 3773 831 3819 aut
855 3767 935 3827 Hoc5
962 3780 993 3818 ae
1011 3763 1070 3830 qnia
1088 3776 1140 3815 nou
1159 3759 1231 3813 videt
1248 3763 1276 3810 et
1294 3757 1356 3805 Hoc

328 3865 397 3918 male
414 3863 511 3917 dletnnn
536 3878 584 3934 pro
607 3864 752 3930 emamgdla
770 3870 797 3918 et
815 3880 865 3919 ore
884 3864 981 3927 lineata,
1009 3867 1037 3913 et
1056 3861 1135 3910 Haec
1151 3872 1201 3928 pro
1219 3870 1270 3909 ore
1287 3852 1357 3917 aeia,

328 3968 431 4019 onumen
447 3966 613 4035 emerendis?
644 3966 745 4020 Tamen
765 3969 842 4017 Haec
860 3966 938 4018 etiarn
957 3965 1083 4017 Bacurna
1101 3961 1210 4029 recepit·
1245 3955 1359 4010 necatm

329 4063 447 4118 viderunt
465 4068 603 4129 Saturna,
624 4065 760 4127 Vorenus,
786 4061 931 4127 linantur,
957 4060 1217 4123 liniamentorum,
1243 4058 1360 4109 Gonan-

329 4180 462 4220 nrur.-
495 4167 527 4223 V.
547 4170 578 4218 31
602 4182 658 4234 aqq.
697 4165 789 4220 llaee
814 4164 934 4218 iecere
961 4167 1081 4229 malea,
1109 4174 1216 4223 avarae,
1242 4170 1361 4226 rapaces.

1489 541 1490 584 l

1489 600 1491 642 l
