3009 4725
320 394 372 468 34
630 389 816 465 TlBULLl
854 393 939 467 LIB.
961 396 987 466 1.
1005 412 1032 466 9.

365 581 398 654 0
426 580 601 682 quotiens,
633 579 745 654 verbis
777 609 821 654 ne
847 582 1029 683 quisquam
1056 582 1213 657 conscius
1239 601 1343 671 esset,

413 713 490 812 lpse
517 736 630 784 comes
656 709 763 784 multa
784 709 915 785 lumina
938 730 1036 786 nocte
1063 711 1141 785 uli!

339 842 454 941 ,Saepe
482 840 668 940 insperanti
695 840 787 914 venit
811 840 874 915 tibi
899 868 1038 914 munere
1065 857 1181 913 nostro

408 970 451 1043 Et
475 968 573 1044 latuit
596 968 729 1044 clausas
756 989 835 1073 post
857 971 1020 1072 adoperta
1045 969 1147 1042 sores.

318 1103 452 1175 ssTum
478 1100 583 1174 miser
607 1101 741 1192 interii,
776 1101 875 1176 stulte
898 1101 1048 1177 conlisus
1075 1103 1200 1178 amari:

406 1233 493 1306 Nam
520 1249 673 1332 poteram
700 1231 744 1306 ad
772 1232 911 1335 laqueos
935 1234 1067 1308 cautior
1089 1262 1163 1308 esse
1188 1252 1273 1309 tuos.

359 1361 456 1459 Quin
482 1361 582 1435 etiam
609 1362 749 1435 attonita
776 1360 894 1436 laudes
916 1362 978 1438 tibi
1003 1381 1115 1437 mente
1139 1363 1323 1452 canebam,

406 1491 452 1565 At
476 1520 530 1565 me
556 1519 649 1566 nunc
676 1492 782 1566 nostri
808 1492 1053 1594 Pieridumque
1075 1491 1191 1594 pudet.

352 1622 414 1696 Ille
441 1621 539 1696 velim
564 1622 686 1724 rapida
713 1621 888 1697 Vulcanus
915 1623 1066 1698 cannino
1090 1623 1227 1698 flamma

314 1771 352 1826 50
409 1755 552 1827 Torreat
578 1769 610 1825 et
634 1751 764 1855 liquida
791 1752 902 1828 deleat
927 1753 1038 1829 amnis
1063 1782 1162 1857 aqua.

354 1885 408 1956 Tu
424 1882 545 1985 procul
561 1883 642 1957 hinc
661 1883 763 1973 absis
791 1885 847 1958 eui
863 1884 1008 1960 somram
1027 1885 1171 1960 rendere
1189 1912 1268 1960 eura
1289 1901 1340 1957 est

402 2014 444 2087 Et
468 2014 614 2116 pretium
639 2012 741 2115 plena
768 2016 900 2114 grande
922 2018 1048 2091 referre
1070 2043 1181 2089 manu.

354 2144 400 2216 At
425 2161 473 2234 te,
508 2144 567 2245 qui
594 2171 739 2244 puerum
767 2145 869 2221 donis
897 2170 1113 2242 corrumpere
1140 2169 1174 2214 es
1198 2167 1320 2229 ausus,

405 2273 530 2346 Rideat
556 2272 705 2348 assiduis
728 2304 816 2358 uxor
842 2272 947 2348 inulta
972 2267 1079 2356 dolis,

228 2460 232 2469 .
312 2405 400 2477 55111
425 2432 504 2479 cum
529 2404 654 2480 furtivo
681 2406 834 2478 iuvenem
861 2399 1035 2472 lassaverit
1061 2425 1145 2490 usu,

402 2535 530 2608 Tecum
555 2533 754 2634 interposita
780 2528 944 2630 languida
970 2547 1061 2604 veste
1087 2529 1196 2604 cubet.

351 2665 496 2766 Semper
521 2666 589 2739 sint
615 2680 752 2736 externa
775 2680 833 2735 tuo
856 2659 995 2760 vestigia
1021 2657 1127 2749 lecto,

404 2796 448 2870 E't
473 2814 587 2898 pateat
610 2794 745 2896 cupidis
772 2822 907 2894 semper
929 2811 1046 2895 aperta
1073 2792 1215 2868 domus:

349 2928 420 3001 Nec
447 2926 570 3001 lasciva
593 2952 693 3000 soror
718 2922 854 2998 dicatur
874 2922 975 3024 plura
998 2923 1127 2999 bibisse

310 3074 348 3128 60
404 3056 532 3131 Pocula
558 3055 609 3129 vel
634 3053 750 3155 plures
776 3053 958 3129 emeruisse
981 3056 1081 3130 viros.

350 3185 448 3262 lllam
473 3212 574 3286 saepe
596 3184 713 3258 serunt
737 3185 890 3259 convivia
912 3185 1036 3261 ducere
1061 3186 1218 3276 Baccho,

400 3319 494 3392 Dum
517 3333 592 3391 rota
615 3315 766 3390 Luciferi
791 3336 953 3417 provocet
978 3334 1051 3390 orta
1078 3315 1186 3390 diem:

353 3445 415 3521 llla
440 3448 534 3522 nulla
561 3464 662 3550 queat
685 3446 806 3521 mrbus
833 3474 1032 3523 consumere
1055 3466 1189 3522 noctem

399 3577 470 3651 Aut
495 3605 637 3677 operum
659 3577 770 3653 varias
796 3579 1004 3681 disposuisse
1027 3577 1125 3650 vices.

312 3707 403 3781 esAr
427 3724 484 3780 tua
510 3709 713 3808 perdidicit:
751 3738 814 3784 nec
845 3729 897 3796 tu,
928 3706 1142 3798 stultissime,
1176 3708 1299 3798 sentis,

405 3838 489 3911 Cum
516 3840 576 3914 tibi
605 3870 676 3915 non
702 3839 800 3914 solita
825 3868 950 3942 corpus
976 3839 1020 3914 ab
1046 3858 1117 3914 arte
1143 3859 1261 3915 movet.

341 4111 358 4168 d
383 4025 417 4081 V.
429 4030 473 4081 40.
498 4029 690 4083 Lsouutuuus
708 4030 747 4082 Et
764 4045 798 4083 ex
815 4028 896 4087 libris.
934 4032 1021 4100 Vulgo
1040 4031 1083 4085 ,tt
1101 4029 1200 4085 incerto
1218 4036 1334 4098 tortore,

312 4128 341 4166 re
379 4120 461 4171 recte.
