3009 4725
308 388 335 462 8
623 390 809 464 TlBULLl
843 392 928 466 LIB.
947 396 972 469 l.
993 411 1020 470 2.

354 574 499 648 Ferreus
524 573 581 647 ille
602 573 684 666 fuit,
721 578 799 679 qui,
831 596 863 653 le
889 608 966 654 cum
991 600 1107 683 posset
1125 582 1269 678 habere,

402 700 563 777 Maluerit
587 705 735 805 praedas
761 707 884 785 stultus
910 728 943 786 et
968 739 1063 787 arma
1084 713 1189 816 sequi.

351 828 411 905 Ille
437 830 515 906 licet
538 833 682 908 Cilicum
707 836 813 912 victas
839 856 919 937 agat
943 858 1020 915 aute
1047 859 1215 934 catervas,

310 980 348 1035 70
404 961 515 1036 Ponat
541 980 574 1037 et
598 964 635 1038 iu
662 984 763 1068 capto
783 967 908 1043 Martia
934 986 1045 1044 castra
1071 970 1168 1068 solu2

348 1091 456 1164 Totus
484 1108 516 1166 et
541 1110 683 1192 argento
708 1113 901 1189 contextus,
933 1116 1024 1174 totus
1051 1118 1084 1175 et
1106 1129 1212 1191 auro,

400 1219 553 1296 Insideat
573 1222 673 1298 celeri
699 1227 965 1329 conspiciendus
991 1257 1098 1332 equo,

351 1348 430 1449 lpse
454 1349 577 1442 boves,
602 1380 678 1428 mea
703 1356 768 1429 sim
792 1374 902 1432 lecum
928 1359 1033 1433 modo
1057 1359 1174 1450 Delia,
1198 1359 1345 1472 possim·

405 1481 551 1581 Iungere
578 1501 611 1559 et
634 1484 672 1559 in
697 1484 772 1560 solo
796 1515 936 1589 pascere
960 1508 1076 1568 moute
1096 1519 1222 1594 pecus:

309 1599 398 1683 'rsl-:t
422 1627 455 1684 le
481 1610 564 1685 dum
587 1611 686 1689 liceat
711 1617 838 1691 teneris
859 1619 1004 1694 retinere
1030 1619 1181 1712 lacertis,

404 1738 520 1816 Mollis
546 1758 580 1816 et
604 1742 731 1819 inculta
756 1746 801 1820 sit
826 1747 912 1823 mihi
937 1777 1079 1826 somnus
1105 1749 1222 1824 humo.

358 1867 455 1965 Quid
481 1870 588 1976 Tyrio
613 1873 778 1963 recubare
802 1894 878 1951 turo
901 1878 976 1953 sine
1003 1906 1118 1954 amore
1143 1878 1295 1953 secundo

401 1998 566 2094 Prodest,
600 2031 677 2078 cum
704 2004 785 2082 fletu
810 2035 879 2082 nox
903 2007 1077 2107 vigilanda
1100 2008 1214 2082 veuit?

353 2128 441 2204 Nam
454 2158 565 2233 ueque
582 2150 653 2207 mm
668 2133 805 2236 plumae
819 2163 883 2211 uec
898 2134 1049 2234 stragula
1066 2135 1156 2234 pieta
1171 2159 1330 2233 soporem

312 2274 350 2328 uo
406 2259 477 2335 Nec
504 2263 635 2337 sonitus
660 2262 816 2366 placidae
842 2263 967 2337 ducere
992 2261 1101 2364 possit
1126 2288 1243 2362 aquae.

356 2391 447 2465 Num
470 2394 613 2467 Veneris
637 2420 782 2491 maguae
807 2391 928 2466 violavi
953 2392 1096 2467 numina
1121 2391 1245 2483 verbo,

404 2520 446 2595 ΕΙ
472 2549 547 2598 mea
572 2551 664 2598 nuno
686 2549 816 2624 poenas
841 2524 948 2626 impia
973 2522 1092 2623 lingua
1117 2518 1204 2599 luit?

357 2651 447 2725 Num
474 2651 567 2726 feror
586 2652 736 2728 incestus
761 2653 860 2729 sodes
886 2653 1011 2729 adiisse
1036 2652 1181 2729 deorum

409 2781 574 2888 Sertaque
599 2784 643 2857 de
668 2785 794 2862 sanctis
821 2784 1011 2889 deripuisse
1036 2783 1147 2861 focis?

386 3021 419 3077 V.
430 3025 474 3077 73.
499 3021 632 3077 Revereri
654 3022 715 3078 sim
735 3022 815 3090 mlgo
832 3021 959 3092 seriptum
975 3022 1010 3078 de
1026 3022 1155 3079 sestertia
1171 3021 1335 3077 Sumam.

316 3116 384 3173 Nam
407 3117 446 3172 sr't
469 3120 547 3174 allum
570 3136 674 3175 sensum
698 3120 836 3190 praeberet
855 3121 1072 3189 quemadmodum
1096 3123 1174 3178 edum
1194 3118 1234 3186 ei,
1258 3123 1289 3172 ut
1307 3118 1335 3169 iu

316 3215 498 3288 Espdoutioue
523 3219 642 3274 observo·
694 3220 795 3275 Tamen
821 3221 947 3277 libromm
976 3223 1032 3278 fere
1057 3224 1171 3278 omulum
1196 3219 1275 3274 leudo
1303 3216 1337 3282 si,

307 3331 400 3386 ‚euque
423 3317 458 3373 de
480 3333 559 3372 eausa
582 3318 731 3388 repositae
754 3319 940 3375 Lausum.
957 3348 993 3364 -
1028 3323 1062 3376 V.
1074 3325 1117 3376 74.
1142 3322 1175 3375 lu
1200 3317 1279 3371 solo
1301 3313 1336 3368 de

317 3416 465 3470 coniectura
491 3418 646 3473 susurnam
673 3419 752 3487 vulgo
779 3426 928 3490 receptum,
957 3426 1035 3489 etque
1058 3422 1137 3474 edum
1157 3417 1335 3472 heduno

317 3515 471 3583 probatum,
504 3517 548 3584 qud
571 3521 659 3572 tamea
682 3517 785 3572 interlui
810 3519 923 3573 restituit
945 3516 975 3571 in
996 3515 1090 3582 solito,
1120 3530 1187 3584 quae
1211 3511 1336 3568 dibrorum

316 3612 405 3668 lecuo.
450 3614 490 3666 De
515 3617 704 3683 permutatloue
729 3633 821 3673 vocum
846 3616 958 3672 conferri
981 3612 1214 3681 iuuet1‚1‚us.
1258 3610 1336 3678 virg.

317 3713 382 3768 Asu.
399 3711 455 3780 IX,
470 3713 534 3768 214.

389 3811 423 3866 V.
433 3814 478 3865 8².
503 3812 592 3864 Semel
616 3812 771 3867 mouendum
793 3821 835 3868 est
857 3829 916 3868 orm
939 3811 1087 3866 Euromo
1110 3811 1233 3867 Vossrun
1257 3821 1338 3879 saepe

318 3926 357 3980 pr.
391 3909 434 3964 Et
451 3911 606 3965 deteriorem
625 3912 764 3965 lectionem
781 3918 810 3965 et
833 3914 917 3966 miuus
939 3912 1069 3983 poeticum
1093 3919 1126 3963 ut
1147 3911 1281 3974 intulisse,
1307 3913 1338 3961 ut

319 4006 370 4063 hoe
389 4010 448 4063 loeo
466 4018 499 4061 ur
515 4007 640 4064 -ruar,
674 4009 800 4063 smuuer
816 4010 852 4076 Π,
869 4015 895 4077 1,
909 4015 953 4065 64.
977 4011 1024 4077 lv,
1044 4014 1068 4075 1,
1083 4012 1146 4063 168.
1180 4008 1255 4061 ldeur
1275 4004 1340 4059 feeit

318 4111 346 4163 iu
363 4110 588 4165 Trsusletioudbus
606 4109 661 4162 suls
677 4114 707 4162 ut
723 4109 816 4176 virgo„
835 4112 934 4177 Georg.
951 4111 972 4175 1,
991 4114 1035 4165 66.
1053 4112 1097 4162 n
1116 4109 1265 4179 Perpetem.
