<?xml version="1.0" encoding="UTF-8"?>
<!DOCTYPE html PUBLIC "-//W3C//DTD XHTML 1.0 Transitional//EN"
    "http://www.w3.org/TR/xhtml1/DTD/xhtml1-transitional.dtd">
<html xmlns="http://www.w3.org/1999/xhtml" xml:lang="en" lang="en">
 <head>
  <title>
</title>
<meta http-equiv="Content-Type" content="text/html;charset=utf-8" />
  <meta name='ocr-system' content='tesseract 3.04.00' />
  <meta name='ocr-capabilities' content='ocr_page ocr_carea ocr_par ocr_line ocrx_word'/>
</head>
<body>
  <div class='ocr_page' id='page_1' title='image "albiitibullicar00unkngoog_0098.png"; bbox 0 0 3009 4725; ppageno 0'>
   <div class='ocr_carea' id='block_1_1' title="bbox 328 384 933 455">
    <p class='ocr_par' dir='ltr' id='par_1_1' title="bbox 328 384 933 455">
     <span class='ocr_line' id='line_1_1' title="bbox 328 384 933 455; baseline -0.007 0"><span class='ocrx_word' id='word_1_1' title='bbox 328 414 367 455; x_wconf 87' lang='lat' dir='ltr'><strong>xc</strong></span> <span class='ocrx_word' id='word_1_2' title='bbox 732 387 789 451; x_wconf 89' lang='lat' dir='ltr'><strong>DE</strong></span> <span class='ocrx_word' id='word_1_3' title='bbox 813 384 933 453; x_wconf 88' lang='lat' dir='ltr'>POESI</span> 
     </span>
    </p>
   </div>
   <div class='ocr_carea' id='block_1_2' title="bbox 322 560 1347 1908">
    <p class='ocr_par' dir='ltr' id='par_1_2' title="bbox 322 560 1347 1908">
     <span class='ocr_line' id='line_1_2' title="bbox 328 560 1344 642; baseline -0.004 -16"><span class='ocrx_word' id='word_1_4' title='bbox 328 574 358 626; x_wconf 88' lang='lat' dir='ltr'><strong>et</strong></span> <span class='ocrx_word' id='word_1_5' title='bbox 381 561 469 625; x_wconf 83' lang='lat' dir='ltr'><strong>exitu</strong></span> <span class='ocrx_word' id='word_1_6' title='bbox 490 565 566 624; x_wconf 86' lang='lat' dir='ltr'><strong>sunt</strong></span> <span class='ocrx_word' id='word_1_7' title='bbox 589 560 777 642; x_wconf 89' lang='lat' dir='ltr'><strong>plerumque</strong></span> <span class='ocrx_word' id='word_1_8' title='bbox 803 561 916 626; x_wconf 85' lang='lat' dir='ltr'><strong>breves</strong></span> <span class='ocrx_word' id='word_1_9' title='bbox 941 562 1127 637; x_wconf 85' lang='lat' dir='ltr'><strong>sententiae,</strong></span> <span class='ocrx_word' id='word_1_10' title='bbox 1160 580 1276 641; x_wconf 84' lang='lat' dir='ltr'><strong>eaeque</strong></span> <span class='ocrx_word' id='word_1_11' title='bbox 1302 564 1344 622; x_wconf 87' lang='lat' dir='ltr'><strong>sie</strong></span> 
     </span>
     <span class='ocr_line' id='line_1_3' title="bbox 327 672 1343 751; baseline -0.001 -13"><span class='ocrx_word' id='word_1_12' title='bbox 327 675 560 740; x_wconf 75' lang='lat' dir='ltr'><strong>consarcinatae</strong></span> <span class='ocrx_word' id='word_1_13' title='bbox 589 692 661 737; x_wconf 88' lang='lat' dir='ltr'><strong>cum</strong></span> <span class='ocrx_word' id='word_1_14' title='bbox 689 673 817 749; x_wconf 86' lang='lat' dir='ltr'><strong>ceteris,</strong></span> <span class='ocrx_word' id='word_1_15' title='bbox 857 686 894 736; x_wconf 90' lang='lat' dir='ltr'><strong>ut</strong></span> <span class='ocrx_word' id='word_1_16' title='bbox 924 676 979 737; x_wconf 90' lang='lat' dir='ltr'><strong>ubi</strong></span> <span class='ocrx_word' id='word_1_17' title='bbox 1012 676 1138 738; x_wconf 83' lang='lat' dir='ltr'><strong>liniatur</strong></span> <span class='ocrx_word' id='word_1_18' title='bbox 1168 672 1343 751; x_wconf 81' lang='lat' dir='ltr'><strong>exordium,</strong></span> 
     </span>
     <span class='ocr_line' id='line_1_4' title="bbox 327 789 1343 875; baseline -0.001 -22"><span class='ocrx_word' id='word_1_19' title='bbox 327 791 470 854; x_wconf 74' lang='lat' dir='ltr'><strong>ordiatur</strong></span> <span class='ocrx_word' id='word_1_20' title='bbox 498 792 619 866; x_wconf 86' lang='lat' dir='ltr'><strong>exitus,</strong></span> <span class='ocrx_word' id='word_1_21' title='bbox 659 809 752 872; x_wconf 88' lang='lat' dir='ltr'><strong>saepe</strong></span> <span class='ocrx_word' id='word_1_22' title='bbox 781 789 838 854; x_wconf 68' lang='lat' dir='ltr'><strong>xlx</strong></span> <span class='ocrx_word' id='word_1_23' title='bbox 865 812 901 854; x_wconf 90' lang='lat' dir='ltr'><strong>ac</strong></span> <span class='ocrx_word' id='word_1_24' title='bbox 929 812 969 852; x_wconf 88' lang='lat' dir='ltr'><strong>ne</strong></span> <span class='ocrx_word' id='word_1_25' title='bbox 998 792 1055 854; x_wconf 81' lang='lat' dir='ltr'><strong>vix</strong></span> <span class='ocrx_word' id='word_1_26' title='bbox 1084 791 1211 875; x_wconf 90' lang='lat' dir='ltr'><strong>quidem</strong></span> <span class='ocrx_word' id='word_1_27' title='bbox 1240 790 1343 852; x_wconf 83' lang='lat' dir='ltr'><strong>dicere</strong></span> 
     </span>
     <span class='ocr_line' id='line_1_5' title="bbox 327 905 1342 989; baseline -0.004 -18"><span class='ocrx_word' id='word_1_28' title='bbox 327 910 444 989; x_wconf 85' lang='lat' dir='ltr'><strong>poesia,</strong></span> <span class='ocrx_word' id='word_1_29' title='bbox 474 918 506 968; x_wconf 88' lang='lat' dir='ltr'><strong>et</strong></span> <span class='ocrx_word' id='word_1_30' title='bbox 531 926 601 968; x_wconf 92' lang='lat' dir='ltr'><strong>cum</strong></span> <span class='ocrx_word' id='word_1_31' title='bbox 628 906 721 969; x_wconf 83' lang='lat' dir='ltr'><strong>etiam</strong></span> <span class='ocrx_word' id='word_1_32' title='bbox 746 906 780 969; x_wconf 88' lang='lat' dir='ltr'><strong>in</strong></span> <span class='ocrx_word' id='word_1_33' title='bbox 806 905 910 969; x_wconf 89' lang='lat' dir='ltr'><strong>medio</strong></span> <span class='ocrx_word' id='word_1_34' title='bbox 934 909 1070 971; x_wconf 80' lang='lat' dir='ltr'><strong>carmine</strong></span> <span class='ocrx_word' id='word_1_35' title='bbox 1097 927 1163 970; x_wconf 90' lang='lat' dir='ltr'><strong>non</strong></span> <span class='ocrx_word' id='word_1_36' title='bbox 1188 908 1342 969; x_wconf 78' lang='lat' dir='ltr'><strong>habeatur</strong></span> 
     </span>
     <span class='ocr_line' id='line_1_6' title="bbox 325 1021 1344 1103; baseline -0.001 -19"><span class='ocrx_word' id='word_1_37' title='bbox 325 1022 506 1084; x_wconf 85' lang='lat' dir='ltr'><strong>Tibulliana</strong></span> <span class='ocrx_word' id='word_1_38' title='bbox 521 1022 656 1087; x_wconf 80' lang='lat' dir='ltr'><strong>uarietas</strong></span> <span class='ocrx_word' id='word_1_39' title='bbox 674 1043 732 1085; x_wconf 90' lang='lat' dir='ltr'><strong>nec</strong></span> <span class='ocrx_word' id='word_1_40' title='bbox 749 1023 810 1086; x_wconf 86' lang='lat' dir='ltr'><strong>iata</strong></span> <span class='ocrx_word' id='word_1_41' title='bbox 828 1027 1002 1088; x_wconf 77' lang='lat' dir='ltr'><strong>accuratior</strong></span> <span class='ocrx_word' id='word_1_42' title='bbox 1019 1021 1176 1087; x_wconf 87' lang='lat' dir='ltr'><strong>distinctio</strong></span> <span class='ocrx_word' id='word_1_43' title='bbox 1196 1024 1344 1103; x_wconf 81' lang='lat' dir='ltr'><strong>partium,</strong></span> 
     </span>
     <span class='ocr_line' id='line_1_7' title="bbox 324 1138 1344 1225; baseline 0.001 -23"><span class='ocrx_word' id='word_1_44' title='bbox 324 1139 360 1202; x_wconf 81' lang='lat' dir='ltr'><strong>fit</strong></span> <span class='ocrx_word' id='word_1_45' title='bbox 385 1150 423 1201; x_wconf 89' lang='lat' dir='ltr'><strong>ut</strong></span> <span class='ocrx_word' id='word_1_46' title='bbox 445 1139 612 1202; x_wconf 84' lang='lat' dir='ltr'><strong>uniformis</strong></span> <span class='ocrx_word' id='word_1_47' title='bbox 635 1138 790 1224; x_wconf 75' lang='lat' dir='ltr'><strong>quaedam</strong></span> <span class='ocrx_word' id='word_1_48' title='bbox 814 1142 1006 1225; x_wconf 73' lang='lat' dir='ltr'><strong>perpetuitas</strong></span> <span class='ocrx_word' id='word_1_49' title='bbox 1031 1162 1139 1203; x_wconf 88' lang='lat' dir='ltr'><strong>rerum</strong></span> <span class='ocrx_word' id='word_1_50' title='bbox 1163 1162 1223 1223; x_wconf 87' lang='lat' dir='ltr'><strong>per</strong></span> <span class='ocrx_word' id='word_1_51' title='bbox 1246 1151 1344 1203; x_wconf 84' lang='lat' dir='ltr'><strong>totam</strong></span> 
     </span>
     <span class='ocr_line' id='line_1_8' title="bbox 325 1253 1344 1339; baseline -0.003 -21"><span class='ocrx_word' id='word_1_52' title='bbox 325 1256 454 1335; x_wconf 79' lang='lat' dir='ltr'><strong>elegiam</strong></span> <span class='ocrx_word' id='word_1_53' title='bbox 475 1253 629 1318; x_wconf 87' lang='lat' dir='ltr'><strong>decurrat.</strong></span> <span class='ocrx_word' id='word_1_54' title='bbox 671 1258 720 1319; x_wconf 85' lang='lat' dir='ltr'><strong>lta</strong></span> <span class='ocrx_word' id='word_1_55' title='bbox 739 1259 900 1339; x_wconf 78' lang='lat' dir='ltr'><strong>vidgerior</strong></span> <span class='ocrx_word' id='word_1_56' title='bbox 918 1259 1000 1321; x_wconf 80' lang='lat' dir='ltr'><strong>ratIo</strong></span> <span class='ocrx_word' id='word_1_57' title='bbox 1018 1256 1103 1339; x_wconf 90' lang='lat' dir='ltr'><strong>apud</strong></span> <span class='ocrx_word' id='word_1_58' title='bbox 1121 1259 1191 1319; x_wconf 88' lang='lat' dir='ltr'><strong>hos.</strong></span> <span class='ocrx_word' id='word_1_59' title='bbox 1233 1254 1344 1318; x_wconf 84' lang='lat' dir='ltr'><strong>Tibul·</strong></span> 
     </span>
     <span class='ocr_line' id='line_1_9' title="bbox 323 1368 1344 1454; baseline -0.001 -25"><span class='ocrx_word' id='word_1_60' title='bbox 323 1368 425 1430; x_wconf 88' lang='lat' dir='ltr'><strong>liauae</strong></span> <span class='ocrx_word' id='word_1_61' title='bbox 447 1388 524 1431; x_wconf 86' lang='lat' dir='ltr'><strong>vero</strong></span> <span class='ocrx_word' id='word_1_62' title='bbox 546 1370 660 1449; x_wconf 82' lang='lat' dir='ltr'><strong>elegiae</strong></span> <span class='ocrx_word' id='word_1_63' title='bbox 681 1373 829 1454; x_wconf 86' lang='lat' dir='ltr'><strong>propriae</strong></span> <span class='ocrx_word' id='word_1_64' title='bbox 851 1384 927 1435; x_wconf 88' lang='lat' dir='ltr'><strong>sunt</strong></span> <span class='ocrx_word' id='word_1_65' title='bbox 946 1370 1152 1433; x_wconf 86' lang='lat' dir='ltr'><strong>distinctiorea</strong></span> <span class='ocrx_word' id='word_1_66' title='bbox 1174 1371 1294 1454; x_wconf 78' lang='lat' dir='ltr'><strong>formae</strong></span> <span class='ocrx_word' id='word_1_67' title='bbox 1313 1378 1344 1429; x_wconf 90' lang='lat' dir='ltr'><strong>et</strong></span> 
     </span>
     <span class='ocr_line' id='line_1_10' title="bbox 325 1480 1344 1564; baseline -0.004 -20"><span class='ocrx_word' id='word_1_68' title='bbox 325 1481 538 1564; x_wconf 87' lang='lat' dir='ltr'><strong>oppositiones</strong></span> <span class='ocrx_word' id='word_1_69' title='bbox 564 1505 734 1547; x_wconf 84' lang='lat' dir='ltr'><strong>nervosae:</strong></span> <span class='ocrx_word' id='word_1_70' title='bbox 766 1484 931 1547; x_wconf 85' lang='lat' dir='ltr'><strong>exordium</strong></span> <span class='ocrx_word' id='word_1_71' title='bbox 958 1497 990 1546; x_wconf 90' lang='lat' dir='ltr'><strong>et</strong></span> <span class='ocrx_word' id='word_1_72' title='bbox 1015 1485 1117 1544; x_wconf 83' lang='lat' dir='ltr'><strong>exitus</strong></span> <span class='ocrx_word' id='word_1_73' title='bbox 1146 1480 1344 1563; x_wconf 77' lang='lat' dir='ltr'><strong>perspicuam</strong></span> 
     </span>
     <span class='ocr_line' id='line_1_11' title="bbox 322 1565 1344 1674; baseline 0.004 -21"><span class='ocrx_word' id='word_1_74' title='bbox 322 1593 550 1674; x_wconf 82' lang='lat' dir='ltr'><strong>longitudinem</strong></span> <span class='ocrx_word' id='word_1_75' title='bbox 579 1598 698 1660; x_wconf 86' lang='lat' dir='ltr'><strong>habent</strong></span> <span class='ocrx_word' id='word_1_76' title='bbox 728 1608 761 1658; x_wconf 88' lang='lat' dir='ltr'><strong>et</strong></span> <span class='ocrx_word' id='word_1_77' title='bbox 789 1597 880 1658; x_wconf 87' lang='lat' dir='ltr'><strong>facila</strong></span> <span class='ocrx_word' id='word_1_78' title='bbox 911 1596 1132 1659; x_wconf 81' lang='lat' dir='ltr'><strong>discernuntur</strong></span> <span class='ocrx_word' id='word_1_79' title='bbox 1163 1565 1192 1658; x_wconf 60' lang='lat' dir='ltr'><strong>u⁸</strong></span> <span class='ocrx_word' id='word_1_80' title='bbox 1213 1596 1344 1674; x_wconf 81' lang='lat' dir='ltr'><strong>ceteris3</strong></span> 
     </span>
     <span class='ocr_line' id='line_1_12' title="bbox 323 1710 1347 1793; baseline -0.005 -19"><span class='ocrx_word' id='word_1_81' title='bbox 323 1712 462 1790; x_wconf 82' lang='lat' dir='ltr'><strong>postulat</strong></span> <span class='ocrx_word' id='word_1_82' title='bbox 492 1730 542 1773; x_wconf 84' lang='lat' dir='ltr'><strong>ars</strong></span> <span class='ocrx_word' id='word_1_83' title='bbox 573 1711 753 1775; x_wconf 80' lang='lat' dir='ltr'><strong>Tibullisna</strong></span> <span class='ocrx_word' id='word_1_84' title='bbox 783 1712 904 1774; x_wconf 85' lang='lat' dir='ltr'><strong>exitum</strong></span> <span class='ocrx_word' id='word_1_85' title='bbox 933 1710 1075 1775; x_wconf 88' lang='lat' dir='ltr'><strong>distincte</strong></span> <span class='ocrx_word' id='word_1_86' title='bbox 1107 1719 1285 1793; x_wconf 81' lang='lat' dir='ltr'><strong>separatum</strong></span> <span class='ocrx_word' id='word_1_87' title='bbox 1314 1721 1347 1770; x_wconf 90' lang='lat' dir='ltr'><strong>et</strong></span> 
     </span>
     <span class='ocr_line' id='line_1_13' title="bbox 324 1824 1345 1908; baseline -0.002 -22"><span class='ocrx_word' id='word_1_88' title='bbox 324 1824 493 1904; x_wconf 85' lang='lat' dir='ltr'><strong>directum,</strong></span> <span class='ocrx_word' id='word_1_89' title='bbox 523 1847 588 1888; x_wconf 88' lang='lat' dir='ltr'><strong>non</strong></span> <span class='ocrx_word' id='word_1_90' title='bbox 615 1827 877 1908; x_wconf 89' lang='lat' dir='ltr'><strong>comprehensum</strong></span> <span class='ocrx_word' id='word_1_91' title='bbox 905 1825 965 1887; x_wconf 88' lang='lat' dir='ltr'><strong>alia</strong></span> <span class='ocrx_word' id='word_1_92' title='bbox 991 1838 1098 1907; x_wconf 85' lang='lat' dir='ltr'><strong>parte,</strong></span> <span class='ocrx_word' id='word_1_93' title='bbox 1128 1824 1202 1886; x_wconf 90' lang='lat' dir='ltr'><strong>licet</strong></span> <span class='ocrx_word' id='word_1_94' title='bbox 1227 1842 1286 1905; x_wconf 88' lang='lat' dir='ltr'><strong>per</strong></span> <span class='ocrx_word' id='word_1_95' title='bbox 1312 1842 1345 1884; x_wconf 87' lang='lat' dir='ltr'><strong>se</strong></span> 
     </span>
    </p>
   </div>
   <div class='ocr_carea' id='block_1_3' title="bbox 323 1938 1426 2368">
    <p class='ocr_par' dir='ltr' id='par_1_3' title="bbox 323 1938 1426 2368">
     <span class='ocr_line' id='line_1_14' title="bbox 323 1938 1345 2022; baseline 0 -24"><span class='ocrx_word' id='word_1_96' title='bbox 323 1939 384 1999; x_wconf 78' lang='lat' dir='ltr'><strong>ltoc</strong></span> <span class='ocrx_word' id='word_1_97' title='bbox 405 1938 474 2001; x_wconf 89' lang='lat' dir='ltr'><strong>fieri</strong></span> <span class='ocrx_word' id='word_1_98' title='bbox 494 1942 592 2021; x_wconf 84' lang='lat' dir='ltr'><strong>possit</strong></span> <span class='ocrx_word' id='word_1_99' title='bbox 611 1951 694 2002; x_wconf 89' lang='lat' dir='ltr'><strong>recte</strong></span> <span class='ocrx_word' id='word_1_100' title='bbox 712 1952 742 2000; x_wconf 89' lang='lat' dir='ltr'><strong>et</strong></span> <span class='ocrx_word' id='word_1_101' title='bbox 762 1940 880 2001; x_wconf 85' lang='lat' dir='ltr'><strong>sactum</strong></span> <span class='ocrx_word' id='word_1_102' title='bbox 901 1940 941 2002; x_wconf 91' lang='lat' dir='ltr'><strong>sit</strong></span> <span class='ocrx_word' id='word_1_103' title='bbox 960 1959 1071 2022; x_wconf 83' lang='lat' dir='ltr'><strong>saepe3</strong></span> <span class='ocrx_word' id='word_1_104' title='bbox 1093 1939 1236 2002; x_wconf 86' lang='lat' dir='ltr'><strong>similiter</strong></span> <span class='ocrx_word' id='word_1_105' title='bbox 1252 1958 1345 2001; x_wconf 85' lang='lat' dir='ltr'><strong>exor-</strong></span> 
     </span>
     <span class='ocr_line' id='line_1_15' title="bbox 325 2049 1426 2134; baseline -0.005 -21"><span class='ocrx_word' id='word_1_106' title='bbox 325 2051 411 2115; x_wconf 86' lang='lat' dir='ltr'><strong>dium</strong></span> <span class='ocrx_word' id='word_1_107' title='bbox 434 2052 614 2117; x_wconf 86' lang='lat' dir='ltr'><strong>distiuctum</strong></span> <span class='ocrx_word' id='word_1_108' title='bbox 640 2064 738 2130; x_wconf 85' lang='lat' dir='ltr'><strong>amat,</strong></span> <span class='ocrx_word' id='word_1_109' title='bbox 770 2049 857 2134; x_wconf 90' lang='lat' dir='ltr'><strong>quod</strong></span> <span class='ocrx_word' id='word_1_110' title='bbox 883 2054 979 2115; x_wconf 88' lang='lat' dir='ltr'><strong>semel</strong></span> <span class='ocrx_word' id='word_1_111' title='bbox 1000 2054 1035 2114; x_wconf 90' lang='lat' dir='ltr'><strong>in</strong></span> <span class='ocrx_word' id='word_1_112' title='bbox 1061 2052 1344 2134; x_wconf 82' lang='lat' dir='ltr'><strong>elegidioIV,13.</strong></span> <span class='ocrx_word' id='word_1_113' title='bbox 1423 2125 1426 2131; x_wconf 23' lang='grc' dir='ltr'><strong><em>Ι</em></strong></span> 
     </span>
     <span class='ocr_line' id='line_1_16' title="bbox 325 2167 1343 2248; baseline -0.004 -20"><span class='ocrx_word' id='word_1_114' title='bbox 325 2188 396 2229; x_wconf 92' lang='lat' dir='ltr'><strong>cum</strong></span> <span class='ocrx_word' id='word_1_115' title='bbox 422 2169 624 2248; x_wconf 86' lang='lat' dir='ltr'><strong>sequentibus</strong></span> <span class='ocrx_word' id='word_1_116' title='bbox 650 2168 817 2229; x_wconf 77' lang='lat' dir='ltr'><strong>eonlstsum</strong></span> <span class='ocrx_word' id='word_1_117' title='bbox 844 2167 969 2246; x_wconf 81' lang='lat' dir='ltr'><strong>videas,</strong></span> <span class='ocrx_word' id='word_1_118' title='bbox 998 2169 1093 2247; x_wconf 78' lang='lat' dir='ltr'><strong>vulgo</strong></span> <span class='ocrx_word' id='word_1_119' title='bbox 1120 2177 1222 2229; x_wconf 86' lang='lat' dir='ltr'><strong>autem</strong></span> <span class='ocrx_word' id='word_1_120' title='bbox 1251 2185 1343 2243; x_wconf 86' lang='lat' dir='ltr'><strong>argu·</strong></span> 
     </span>
     <span class='ocr_line' id='line_1_17' title="bbox 324 2276 1342 2368; baseline -0.006 -25"><span class='ocrx_word' id='word_1_121' title='bbox 324 2291 431 2343; x_wconf 87' lang='lat' dir='ltr'><strong>mento</strong></span> <span class='ocrx_word' id='word_1_122' title='bbox 454 2300 512 2342; x_wconf 84' lang='lat' dir='ltr'><strong>auo</strong></span> <span class='ocrx_word' id='word_1_123' title='bbox 535 2284 617 2343; x_wconf 87' lang='lat' dir='ltr'><strong>clare</strong></span> <span class='ocrx_word' id='word_1_124' title='bbox 639 2281 807 2347; x_wconf 86' lang='lat' dir='ltr'><strong>discretum</strong></span> <span class='ocrx_word' id='word_1_125' title='bbox 829 2285 987 2368; x_wconf 87' lang='lat' dir='ltr'><strong>reperitur</strong></span> <span class='ocrx_word' id='word_1_126' title='bbox 1006 2304 1025 2342; x_wconf 87' lang='lat' dir='ltr'><strong>a</strong></span> <span class='ocrx_word' id='word_1_127' title='bbox 1048 2277 1176 2358; x_wconf 81' lang='lat' dir='ltr'><strong>ceteris3</strong></span> <span class='ocrx_word' id='word_1_128' title='bbox 1206 2276 1342 2359; x_wconf 87' lang='lat' dir='ltr'><strong>deniquo</strong></span> 
     </span>
    </p>
   </div>
   <div class='ocr_carea' id='block_1_4' title="bbox 324 2392 1351 4193">
    <p class='ocr_par' dir='ltr' id='par_1_4' title="bbox 324 2392 1351 4193">
     <span class='ocr_line' id='line_1_18' title="bbox 324 2392 1343 2482; baseline -0.002 -26"><span class='ocrx_word' id='word_1_129' title='bbox 324 2394 359 2456; x_wconf 92' lang='lat' dir='ltr'><strong>in</strong></span> <span class='ocrx_word' id='word_1_130' title='bbox 389 2392 493 2457; x_wconf 90' lang='lat' dir='ltr'><strong>medio</strong></span> <span class='ocrx_word' id='word_1_131' title='bbox 521 2396 658 2459; x_wconf 85' lang='lat' dir='ltr'><strong>carmine</strong></span> <span class='ocrx_word' id='word_1_132' title='bbox 687 2420 783 2482; x_wconf 86' lang='lat' dir='ltr'><strong>quam</strong></span> <span class='ocrx_word' id='word_1_133' title='bbox 811 2400 874 2461; x_wconf 85' lang='lat' dir='ltr'><strong>sint</strong></span> <span class='ocrx_word' id='word_1_134' title='bbox 901 2396 1006 2462; x_wconf 85' lang='lat' dir='ltr'><strong>omnia</strong></span> <span class='ocrx_word' id='word_1_135' title='bbox 1034 2396 1124 2457; x_wconf 85' lang='lat' dir='ltr'><strong>claris</strong></span> <span class='ocrx_word' id='word_1_136' title='bbox 1149 2394 1259 2456; x_wconf 83' lang='lat' dir='ltr'><strong>formis</strong></span> <span class='ocrx_word' id='word_1_137' title='bbox 1287 2413 1343 2454; x_wconf 86' lang='lat' dir='ltr'><strong>ex-</strong></span> 
     </span>
     <span class='ocr_line' id='line_1_19' title="bbox 324 2507 1344 2592; baseline 0.001 -22"><span class='ocrx_word' id='word_1_138' title='bbox 324 2528 449 2589; x_wconf 83' lang='lat' dir='ltr'><strong>pressa,</strong></span> <span class='ocrx_word' id='word_1_139' title='bbox 483 2508 578 2572; x_wconf 89' lang='lat' dir='ltr'><strong>modo</strong></span> <span class='ocrx_word' id='word_1_140' title='bbox 607 2522 638 2573; x_wconf 93' lang='lat' dir='ltr'><strong>te</strong></span> <span class='ocrx_word' id='word_1_141' title='bbox 667 2510 774 2575; x_wconf 90' lang='lat' dir='ltr'><strong>docuit</strong></span> <span class='ocrx_word' id='word_1_142' title='bbox 796 2513 890 2592; x_wconf 90' lang='lat' dir='ltr'><strong>longa</strong></span> <span class='ocrx_word' id='word_1_143' title='bbox 918 2507 1104 2591; x_wconf 84' lang='lat' dir='ltr'><strong>disputatio:</strong></span> <span class='ocrx_word' id='word_1_144' title='bbox 1137 2507 1221 2570; x_wconf 91' lang='lat' dir='ltr'><strong>unde</strong></span> <span class='ocrx_word' id='word_1_145' title='bbox 1250 2508 1285 2570; x_wconf 84' lang='lat' dir='ltr'><strong>fit</strong></span> <span class='ocrx_word' id='word_1_146' title='bbox 1313 2521 1344 2571; x_wconf 87' lang='lat' dir='ltr'><strong>ut</strong></span> 
     </span>
     <span class='ocr_line' id='line_1_20' title="bbox 324 2624 1345 2709; baseline 0.001 -26"><span class='ocrx_word' id='word_1_147' title='bbox 324 2626 407 2684; x_wconf 82' lang='lat' dir='ltr'><strong>totius</strong></span> <span class='ocrx_word' id='word_1_148' title='bbox 429 2626 533 2701; x_wconf 81' lang='lat' dir='ltr'><strong>elegiae</strong></span> <span class='ocrx_word' id='word_1_149' title='bbox 555 2625 726 2688; x_wconf 69' lang='lat' dir='ltr'><strong>iibudiunue</strong></span> <span class='ocrx_word' id='word_1_150' title='bbox 749 2629 835 2709; x_wconf 78' lang='lat' dir='ltr'><strong>quasi</strong></span> <span class='ocrx_word' id='word_1_151' title='bbox 860 2624 1006 2708; x_wconf 73' lang='lat' dir='ltr'><strong>quaedam</strong></span> <span class='ocrx_word' id='word_1_152' title='bbox 1027 2624 1244 2685; x_wconf 62' lang='lat' dir='ltr'><strong>architectonica</strong></span> <span class='ocrx_word' id='word_1_153' title='bbox 1268 2634 1345 2684; x_wconf 85' lang='lat' dir='ltr'><strong>stru·</strong></span> 
     </span>
     <span class='ocr_line' id='line_1_21' title="bbox 325 2737 1345 2823; baseline 0.004 -26"><span class='ocrx_word' id='word_1_154' title='bbox 325 2748 410 2798; x_wconf 81' lang='lat' dir='ltr'><strong>ctum</strong></span> <span class='ocrx_word' id='word_1_155' title='bbox 430 2760 489 2802; x_wconf 79' lang='lat' dir='ltr'><strong>esse</strong></span> <span class='ocrx_word' id='word_1_156' title='bbox 507 2740 567 2801; x_wconf 77' lang='lat' dir='ltr'><strong>dici</strong></span> <span class='ocrx_word' id='word_1_157' title='bbox 582 2747 677 2823; x_wconf 77' lang='lat' dir='ltr'><strong>possit.</strong></span> <span class='ocrx_word' id='word_1_158' title='bbox 718 2739 822 2817; x_wconf 77' lang='lat' dir='ltr'><strong>Qtrnm</strong></span> <span class='ocrx_word' id='word_1_159' title='bbox 841 2761 911 2804; x_wconf 89' lang='lat' dir='ltr'><strong>rem</strong></span> <span class='ocrx_word' id='word_1_160' title='bbox 930 2760 1016 2804; x_wconf 87' lang='lat' dir='ltr'><strong>nuuc</strong></span> <span class='ocrx_word' id='word_1_161' title='bbox 1036 2737 1128 2801; x_wconf 87' lang='lat' dir='ltr'><strong>etiam</strong></span> <span class='ocrx_word' id='word_1_162' title='bbox 1151 2739 1345 2819; x_wconf 85' lang='lat' dir='ltr'><strong>singulorum</strong></span> 
     </span>
     <span class='ocr_line' id='line_1_22' title="bbox 326 2855 1346 2936; baseline 0.002 -23"><span class='ocrx_word' id='word_1_163' title='bbox 326 2855 499 2916; x_wconf 87' lang='lat' dir='ltr'><strong>carminum</strong></span> <span class='ocrx_word' id='word_1_164' title='bbox 523 2876 670 2918; x_wconf 77' lang='lat' dir='ltr'><strong>recensus</strong></span> <span class='ocrx_word' id='word_1_165' title='bbox 691 2855 826 2918; x_wconf 89' lang='lat' dir='ltr'><strong>docebit.</strong></span> <span class='ocrx_word' id='word_1_166' title='bbox 875 2856 931 2919; x_wconf 87' lang='lat' dir='ltr'><strong>Eat</strong></span> <span class='ocrx_word' id='word_1_167' title='bbox 954 2855 1074 2917; x_wconf 84' lang='lat' dir='ltr'><strong>classici</strong></span> <span class='ocrx_word' id='word_1_168' title='bbox 1095 2855 1255 2936; x_wconf 88' lang='lat' dir='ltr'><strong>scriptoris</strong></span> <span class='ocrx_word' id='word_1_169' title='bbox 1280 2874 1346 2917; x_wconf 86' lang='lat' dir='ltr'><strong>uon</strong></span> 
     </span>
     <span class='ocr_line' id='line_1_23' title="bbox 325 2968 1346 3052; baseline 0.002 -24"><span class='ocrx_word' id='word_1_170' title='bbox 325 2968 428 3030; x_wconf 85' lang='lat' dir='ltr'><strong>solum</strong></span> <span class='ocrx_word' id='word_1_171' title='bbox 454 2981 554 3032; x_wconf 83' lang='lat' dir='ltr'><strong>totum</strong></span> <span class='ocrx_word' id='word_1_172' title='bbox 577 2991 697 3052; x_wconf 90' lang='lat' dir='ltr'><strong>ponere</strong></span> <span class='ocrx_word' id='word_1_173' title='bbox 725 2972 900 3052; x_wconf 89' lang='lat' dir='ltr'><strong>poeticum,</strong></span> <span class='ocrx_word' id='word_1_174' title='bbox 931 2968 1101 3031; x_wconf 87' lang='lat' dir='ltr'><strong>sedetiam</strong></span> <span class='ocrx_word' id='word_1_175' title='bbox 1126 2982 1231 3050; x_wconf 85' lang='lat' dir='ltr'><strong>partes</strong></span> <span class='ocrx_word' id='word_1_176' title='bbox 1252 2970 1346 3031; x_wconf 86' lang='lat' dir='ltr'><strong>totius</strong></span> 
     </span>
     <span class='ocr_line' id='line_1_24' title="bbox 324 3080 1346 3167; baseline -0.003 -23"><span class='ocrx_word' id='word_1_177' title='bbox 324 3085 461 3145; x_wconf 83' lang='lat' dir='ltr'><strong>maxime</strong></span> <span class='ocrx_word' id='word_1_178' title='bbox 479 3082 671 3164; x_wconf 86' lang='lat' dir='ltr'><strong>commodas,</strong></span> <span class='ocrx_word' id='word_1_179' title='bbox 692 3103 775 3167; x_wconf 87' lang='lat' dir='ltr'><strong>quae</strong></span> <span class='ocrx_word' id='word_1_180' title='bbox 791 3080 923 3145; x_wconf 85' lang='lat' dir='ltr'><strong>reddant</strong></span> <span class='ocrx_word' id='word_1_181' title='bbox 940 3092 1023 3143; x_wconf 88' lang='lat' dir='ltr'><strong>recte</strong></span> <span class='ocrx_word' id='word_1_182' title='bbox 1040 3093 1072 3143; x_wconf 85' lang='lat' dir='ltr'><strong>et</strong></span> <span class='ocrx_word' id='word_1_183' title='bbox 1088 3082 1219 3164; x_wconf 87' lang='lat' dir='ltr'><strong>pulchre</strong></span> <span class='ocrx_word' id='word_1_184' title='bbox 1235 3094 1346 3158; x_wconf 88' lang='lat' dir='ltr'><strong>totum,</strong></span> 
     </span>
     <span class='ocr_line' id='line_1_25' title="bbox 327 3195 1345 3279; baseline -0.002 -22"><span class='ocrx_word' id='word_1_185' title='bbox 327 3217 385 3257; x_wconf 90' lang='lat' dir='ltr'><strong>nec</strong></span> <span class='ocrx_word' id='word_1_186' title='bbox 413 3209 515 3278; x_wconf 90' lang='lat' dir='ltr'><strong>potest</strong></span> <span class='ocrx_word' id='word_1_187' title='bbox 541 3199 673 3279; x_wconf 78' lang='lat' dir='ltr'><strong>intelligi</strong></span> <span class='ocrx_word' id='word_1_188' title='bbox 701 3209 858 3260; x_wconf 85' lang='lat' dir='ltr'><strong>structura</strong></span> <span class='ocrx_word' id='word_1_189' title='bbox 887 3195 1048 3274; x_wconf 85' lang='lat' dir='ltr'><strong>carminis,</strong></span> <span class='ocrx_word' id='word_1_190' title='bbox 1085 3197 1147 3260; x_wconf 86' lang='lat' dir='ltr'><strong>nisi</strong></span> <span class='ocrx_word' id='word_1_191' title='bbox 1176 3208 1345 3278; x_wconf 85' lang='lat' dir='ltr'><strong>utrumque</strong></span> 
     </span>
     <span class='ocr_line' id='line_1_26' title="bbox 326 3308 1347 3394; baseline -0.003 -22"><span class='ocrx_word' id='word_1_192' title='bbox 326 3314 534 3392; x_wconf 85' lang='lat' dir='ltr'><strong>perspexeris.</strong></span> <span class='ocrx_word' id='word_1_193' title='bbox 584 3311 724 3390; x_wconf 76' lang='lat' dir='ltr'><strong>Quaeras</strong></span> <span class='ocrx_word' id='word_1_194' title='bbox 746 3314 841 3393; x_wconf 89' lang='lat' dir='ltr'><strong>igitur</strong></span> <span class='ocrx_word' id='word_1_195' title='bbox 869 3332 944 3373; x_wconf 88' lang='lat' dir='ltr'><strong>sane</strong></span> <span class='ocrx_word' id='word_1_196' title='bbox 967 3309 1055 3394; x_wconf 90' lang='lat' dir='ltr'><strong>quod</strong></span> <span class='ocrx_word' id='word_1_197' title='bbox 1082 3310 1122 3374; x_wconf 86' lang='lat' dir='ltr'><strong>sit</strong></span> <span class='ocrx_word' id='word_1_198' title='bbox 1146 3311 1267 3385; x_wconf 76' lang='lat' dir='ltr'><strong>thema,</strong></span> <span class='ocrx_word' id='word_1_199' title='bbox 1296 3308 1347 3370; x_wconf 87' lang='lat' dir='ltr'><strong>eui</strong></span> 
     </span>
     <span class='ocr_line' id='line_1_27' title="bbox 326 3422 1347 3509; baseline 0 -25"><span class='ocrx_word' id='word_1_200' title='bbox 326 3424 375 3484; x_wconf 90' lang='lat' dir='ltr'><strong>rei</strong></span> <span class='ocrx_word' id='word_1_201' title='bbox 394 3422 582 3489; x_wconf 84' lang='lat' dir='ltr'><strong>destinatum</strong></span> <span class='ocrx_word' id='word_1_202' title='bbox 600 3428 641 3490; x_wconf 85' lang='lat' dir='ltr'><strong>ait</strong></span> <span class='ocrx_word' id='word_1_203' title='bbox 662 3450 802 3506; x_wconf 85' lang='lat' dir='ltr'><strong>carmen,</strong></span> <span class='ocrx_word' id='word_1_204' title='bbox 824 3440 860 3490; x_wconf 89' lang='lat' dir='ltr'><strong>ut</strong></span> <span class='ocrx_word' id='word_1_205' title='bbox 878 3448 1045 3509; x_wconf 84' lang='lat' dir='ltr'><strong>cognoscas</strong></span> <span class='ocrx_word' id='word_1_206' title='bbox 1067 3424 1143 3509; x_wconf 87' lang='lat' dir='ltr'><strong>quid</strong></span> <span class='ocrx_word' id='word_1_207' title='bbox 1161 3426 1236 3501; x_wconf 67' lang='lat' dir='ltr'><strong>uelit</strong></span> <span class='ocrx_word' id='word_1_208' title='bbox 1253 3435 1347 3504; x_wconf 90' lang='lat' dir='ltr'><strong>poeta</strong></span> 
     </span>
     <span class='ocr_line' id='line_1_28' title="bbox 328 3536 1347 3619; baseline 0 -23"><span class='ocrx_word' id='word_1_209' title='bbox 328 3547 359 3596; x_wconf 91' lang='lat' dir='ltr'><strong>et</strong></span> <span class='ocrx_word' id='word_1_210' title='bbox 379 3536 414 3598; x_wconf 87' lang='lat' dir='ltr'><strong>in</strong></span> <span class='ocrx_word' id='word_1_211' title='bbox 436 3559 501 3619; x_wconf 90' lang='lat' dir='ltr'><strong>quo</strong></span> <span class='ocrx_word' id='word_1_212' title='bbox 521 3540 624 3602; x_wconf 85' lang='lat' dir='ltr'><strong>unitae</strong></span> <span class='ocrx_word' id='word_1_213' title='bbox 645 3562 753 3604; x_wconf 86' lang='lat' dir='ltr'><strong>rerum</strong></span> <span class='ocrx_word' id='word_1_214' title='bbox 776 3542 867 3616; x_wconf 84' lang='lat' dir='ltr'><strong>insit,</strong></span> <span class='ocrx_word' id='word_1_215' title='bbox 897 3538 1040 3605; x_wconf 85' lang='lat' dir='ltr'><strong>sednon</strong></span> <span class='ocrx_word' id='word_1_216' title='bbox 1063 3539 1166 3602; x_wconf 87' lang='lat' dir='ltr'><strong>minus</strong></span> <span class='ocrx_word' id='word_1_217' title='bbox 1188 3536 1220 3598; x_wconf 93' lang='lat' dir='ltr'><strong>id</strong></span> <span class='ocrx_word' id='word_1_218' title='bbox 1247 3556 1347 3614; x_wconf 86' lang='lat' dir='ltr'><strong>cures,</strong></span> 
     </span>
     <span class='ocr_line' id='line_1_29' title="bbox 328 3650 1349 3738; baseline 0 -27"><span class='ocrx_word' id='word_1_219' title='bbox 328 3663 365 3712; x_wconf 89' lang='lat' dir='ltr'><strong>ut</strong></span> <span class='ocrx_word' id='word_1_220' title='bbox 385 3650 506 3717; x_wconf 85' lang='lat' dir='ltr'><strong>dividas</strong></span> <span class='ocrx_word' id='word_1_221' title='bbox 526 3672 609 3721; x_wconf 86' lang='lat' dir='ltr'><strong>recte</strong></span> <span class='ocrx_word' id='word_1_222' title='bbox 629 3657 791 3722; x_wconf 86' lang='lat' dir='ltr'><strong>unitatem.</strong></span> <span class='ocrx_word' id='word_1_223' title='bbox 842 3654 937 3734; x_wconf 82' lang='lat' dir='ltr'><strong>Quod</strong></span> <span class='ocrx_word' id='word_1_224' title='bbox 958 3674 1054 3738; x_wconf 87' lang='lat' dir='ltr'><strong>genua</strong></span> <span class='ocrx_word' id='word_1_225' title='bbox 1079 3652 1271 3737; x_wconf 75' lang='lat' dir='ltr'><strong>quaestionis</strong></span> <span class='ocrx_word' id='word_1_226' title='bbox 1292 3651 1349 3734; x_wconf 91' lang='lat' dir='ltr'><strong>qui</strong></span> 
     </span>
     <span class='ocr_line' id='line_1_30' title="bbox 328 3767 1350 3858; baseline 0.008 -30"><span class='ocrx_word' id='word_1_227' title='bbox 328 3768 419 3850; x_wconf 85' lang='lat' dir='ltr'><strong>parvi</strong></span> <span class='ocrx_word' id='word_1_228' title='bbox 441 3768 559 3833; x_wconf 91' lang='lat' dir='ltr'><strong>ducunt</strong></span> <span class='ocrx_word' id='word_1_229' title='bbox 580 3773 614 3834; x_wconf 88' lang='lat' dir='ltr'><strong>in</strong></span> <span class='ocrx_word' id='word_1_230' title='bbox 644 3774 852 3858; x_wconf 78' lang='lat' dir='ltr'><strong>explicatione</strong></span> <span class='ocrx_word' id='word_1_231' title='bbox 874 3788 1032 3849; x_wconf 84' lang='lat' dir='ltr'><strong>veterum,</strong></span> <span class='ocrx_word' id='word_1_232' title='bbox 1062 3770 1153 3854; x_wconf 72' lang='lat' dir='ltr'><strong>qttati</strong></span> <span class='ocrx_word' id='word_1_233' title='bbox 1174 3767 1253 3831; x_wconf 69' lang='lat' dir='ltr'><strong>levia</strong></span> <span class='ocrx_word' id='word_1_234' title='bbox 1280 3787 1350 3830; x_wconf 75' lang='lat'>¹110·</span> 
     </span>
     <span class='ocr_line' id='line_1_31' title="bbox 329 3884 1351 3970; baseline -0.001 -26"><span class='ocrx_word' id='word_1_235' title='bbox 329 3885 427 3948; x_wconf 89' lang='lat' dir='ltr'><strong>menti</strong></span> <span class='ocrx_word' id='word_1_236' title='bbox 447 3886 499 3963; x_wconf 88' lang='lat' dir='ltr'><strong>sit,</strong></span> <span class='ocrx_word' id='word_1_237' title='bbox 526 3888 679 3950; x_wconf 84' lang='lat' dir='ltr'><strong>falluntur</strong></span> <span class='ocrx_word' id='word_1_238' title='bbox 699 3888 837 3970; x_wconf 81' lang='lat' dir='ltr'><strong>egregie3</strong></span> <span class='ocrx_word' id='word_1_239' title='bbox 867 3887 922 3950; x_wconf 89' lang='lat' dir='ltr'><strong>sed</strong></span> <span class='ocrx_word' id='word_1_240' title='bbox 943 3908 1011 3950; x_wconf 89' lang='lat' dir='ltr'><strong>non</strong></span> <span class='ocrx_word' id='word_1_241' title='bbox 1031 3885 1131 3950; x_wconf 84' lang='lat' dir='ltr'><strong>facilis</strong></span> <span class='ocrx_word' id='word_1_242' title='bbox 1151 3884 1270 3966; x_wconf 89' lang='lat' dir='ltr'><strong>ubique</strong></span> <span class='ocrx_word' id='word_1_243' title='bbox 1291 3904 1351 3960; x_wconf 83' lang='lat' dir='ltr'><strong>res,</strong></span> 
     </span>
     <span class='ocr_line' id='line_1_32' title="bbox 331 3994 1349 4083; baseline -0.002 -26"><span class='ocrx_word' id='word_1_244' title='bbox 331 4018 412 4078; x_wconf 87' lang='lat' dir='ltr'><strong>quae</strong></span> <span class='ocrx_word' id='word_1_245' title='bbox 434 3998 527 4061; x_wconf 88' lang='lat' dir='ltr'><strong>etiam</strong></span> <span class='ocrx_word' id='word_1_246' title='bbox 550 4021 642 4063; x_wconf 86' lang='lat' dir='ltr'><strong>usum</strong></span> <span class='ocrx_word' id='word_1_247' title='bbox 662 4002 806 4083; x_wconf 82' lang='lat' dir='ltr'><strong>requirit.</strong></span> <span class='ocrx_word' id='word_1_248' title='bbox 855 4000 968 4082; x_wconf 90' lang='lat' dir='ltr'><strong>Neque</strong></span> <span class='ocrx_word' id='word_1_249' title='bbox 995 4000 1078 4061; x_wconf 89' lang='lat' dir='ltr'><strong>enim</strong></span> <span class='ocrx_word' id='word_1_250' title='bbox 1105 4000 1206 4061; x_wconf 81' lang='lat' dir='ltr'><strong>solum</strong></span> <span class='ocrx_word' id='word_1_251' title='bbox 1231 3994 1349 4072; x_wconf 89' lang='lat' dir='ltr'><strong>logicae</strong></span> 
     </span>
     <span class='ocr_line' id='line_1_33' title="bbox 329 4104 1350 4193; baseline -0.003 -20"><span class='ocrx_word' id='word_1_252' title='bbox 329 4111 449 4188; x_wconf 84' lang='lat' dir='ltr'><strong>legibus</strong></span> <span class='ocrx_word' id='word_1_253' title='bbox 470 4111 661 4193; x_wconf 83' lang='lat' dir='ltr'><strong>respondere</strong></span> <span class='ocrx_word' id='word_1_254' title='bbox 682 4108 777 4174; x_wconf 86' lang='lat' dir='ltr'><strong>debet</strong></span> <span class='ocrx_word' id='word_1_255' title='bbox 795 4111 916 4190; x_wconf 82' lang='lat' dir='ltr'><strong>divisio,</strong></span> <span class='ocrx_word' id='word_1_256' title='bbox 936 4110 990 4173; x_wconf 86' lang='lat' dir='ltr'><strong>scd</strong></span> <span class='ocrx_word' id='word_1_257' title='bbox 1014 4110 1105 4170; x_wconf 84' lang='lat' dir='ltr'><strong>etiam</strong></span> <span class='ocrx_word' id='word_1_258' title='bbox 1127 4124 1269 4187; x_wconf 70' lang='lat' dir='ltr'><strong>poeseos.</strong></span> <span class='ocrx_word' id='word_1_259' title='bbox 1312 4104 1350 4165; x_wconf 86' lang='lat' dir='ltr'><strong>In</strong></span> 
     </span>
    </p>
   </div>
   <div class='ocr_carea' id='block_1_5' title="bbox 0 0 1515 4725">
    <p class='ocr_par' dir='ltr' id='par_1_5' title="bbox 0 0 1515 4725">
     <span class='ocr_line' id='line_1_34' title="bbox 0 0 1515 4725; baseline 0 0"><span class='ocrx_word' id='word_1_260' title='bbox 0 0 1515 4725; x_wconf 95' lang='lat' dir='ltr'><strong> </strong></span> 
     </span>
    </p>
   </div>
  </div>
 </body>
</html>
