3009 4725
313 422 364 460 mr
428 408 433 417 '
698 478 701 483 ι
723 400 781 463 DE
807 397 926 530 quiSl

313 573 476 637 allectione
498 572 649 655 pectoris,
673 592 777 655 neque
806 571 846 636 ad
874 575 985 656 poesia
1014 596 1047 638 se
1075 574 1226 638 sentiebat
1250 576 1335 638 exci-

312 686 389 762 tari,
420 684 477 747 ubi
497 706 575 748 vero
596 683 728 748 adversa
748 698 891 768 tempora
913 699 1016 770 erant,
1047 700 1076 751 et
1097 690 1219 751 clausae
1239 689 1333 770 sorge,

313 797 448 876 dissidia,
468 796 607 879 perfidia,
630 800 780 881 superbia
801 801 975 880 puellarum
991 804 1158 865 obstabant
1173 800 1334 865 desideriis

312 910 386 988 setis,
406 923 481 972 tunc
498 911 637 974 carmina
658 933 746 976 amor
768 910 907 990 docebat,
930 913 957 976 si
980 928 1086 996 posset
1104 918 1241 1000 querela,
1262 939 1334 998 per·

312 1024 474 1102 suasione,
504 1026 711 1089 obtestatione
740 1029 933 1092 commoveri
954 1029 1053 1092 amica
1074 1042 1106 1093 et
1131 1030 1274 1094 revocari
1296 1029 1336 1092 ad

313 1145 427 1204 bonam
452 1140 574 1220 frugem
595 1174 639 1188 --
666 1139 706 1204 ad
729 1143 889 1234 dominam
919 1145 1025 1207 faciles
1053 1143 1156 1208 aditus
1184 1163 1243 1225 per
1269 1162 1337 1206 aar·

312 1256 398 1326 mina
419 1274 538 1337 quaero
558 1288 603 1303 —-
627 1275 684 1318 nec
710 1276 775 1319 non
799 1256 867 1339 ipse
891 1255 1079 1322 sedatiorem
1105 1268 1220 1319 statum
1241 1254 1338 1316 animi

314 1388 502 1449 recuperare
530 1368 630 1432 effuso
660 1370 695 1432 in
720 1373 818 1435 verba
841 1371 961 1437 dolore.
1009 1372 1155 1434 Vidimus
1176 1383 1281 1432 autem
1303 1380 1337 1430 ut

314 1481 486 1562 plurimum
498 1481 654 1547 infelicem
672 1507 745 1548 eum
761 1489 857 1560 luisse
871 1492 905 1552 in
924 1487 1084 1551 amoribus
1097 1485 1172 1547 suis.
1216 1481 1338 1559 Quodsi

316 1598 472 1680 quietam
495 1600 644 1681 proclivis
666 1600 706 1663 ad
727 1600 880 1666 desideria
902 1602 1015 1679 mollia,
1036 1599 1075 1663 ad
1097 1597 1245 1661 sublimes
1265 1618 1339 1660 sen·

316 1733 386 1791 sus,
407 1713 447 1778 ad
467 1716 704 1797 imaginationes
727 1719 880 1783 felicitatis
904 1718 1109 1801 pulchrioris,
1130 1729 1166 1778 ut
1185 1715 1340 1788 Tibullus,

318 1841 396 1910 quot
415 1831 540 1911 putabis
562 1844 704 1914 tempora
723 1830 842 1896 doloris
863 1833 1018 1912 incidere,
1040 1850 1135 1914 quam
1155 1826 1341 1890 familiarem

317 1943 390 2005 hnic
413 1942 662 2026 querimoniam!
707 1943 813 2022 Quare
835 1949 927 2011 etiem
952 1946 1087 2010 rusticae
1114 1944 1196 2008 vitae
1224 1937 1340 2001 deseri·
1441 1941 1454 1966 ¹

316 2046 478 2141 ptionibus
514 2073 544 2122 et
583 2062 720 2125 laetioris
757 2064 931 2143 argumenti
963 2059 1152 2142 carminibus
1186 2053 1339 2115 immiscet

317 2176 401 2254 lere,
431 2190 468 2238 ut
488 2175 640 2252 vidimus,
671 2177 807 2255 suspiria
833 2187 865 2236 et
885 2174 1044 2254 querelas,
1072 2190 1157 2230 nunc
1179 2169 1339 2232 bonorum

317 2286 503 2349 amissorum
529 2283 727 2364 recordatus,
761 2305 845 2345 nanc
874 2281 1039 2364 agrestium
1070 2301 1184 2345 suosve
1213 2278 1338 2344 dolores

316 2397 484 2461 amatorios
505 2394 707 2459 adumbrans.
753 2397 866 2461 Factus
885 2410 951 2461 erat
966 2398 1111 2460 Tibullus
1127 2397 1155 2459 si
1173 2398 1244 2480 quis
1258 2397 1338 2461 alius

317 2513 357 2576 ad
378 2513 497 2575 flebiles
518 2509 630 2575 modos
651 2512 784 2593 elegiae:
804 2512 914 2576 intimo
933 2514 1037 2575 animo
1055 2510 1196 2575 insidens
1214 2514 1338 2575 tristitia

317 2642 348 2691 et
369 2627 524 2691 felicitatis
550 2648 715 2712 nunquam
743 2632 836 2710 plane
859 2631 986 2693 effectae
1010 2628 1200 2693 desiderium
1220 2629 1339 2693 indele-

316 2743 379 2805 bile
401 2762 496 2825 quem
516 2761 582 2803 non
604 2742 774 2805 commorit
793 2742 870 2805 lraec
892 2743 1031 2805 carmina
1051 2741 1222 2823 legentem!

400 2856 523 2919 Verum
554 2855 639 2921 enim
666 2847 743 2921 uero
766 2857 792 2918 Ι.
812 2855 854 2917 H.
874 2856 1007 2918 Vossius
1032 2854 1072 2919 ad
1092 2859 1207 2920 multas
1228 2855 1340 2936 elegias

317 2970 498 3035 annotavitr
525 2990 592 3033 non
614 2990 656 3032 ex
681 2969 786 3031 animo
809 2967 925 3033 dixisse
947 2970 1127 3047 Tibullum,
1157 2989 1221 3032 non
1246 2970 1340 3031 nimis

317 3064 458 3165 sugenda
482 3085 594 3162 verba,
623 3085 722 3147 iocari
750 3095 875 3168 poetam
903 3084 1006 3168 specie
1027 3096 1151 3164 sumpta
1170 3083 1339 3161 gravitatis,

317 3200 414 3263 veluti
436 3199 535 3261 iocari
562 3211 669 3263 monet
689 3199 820 3261 Albium
846 3199 881 3260 in
912 3211 1001 3260 sexta
1026 3197 1100 3259 libri
1127 3196 1237 3277 primi,
1271 3215 1338 3261 nou

316 3312 410 3375 nimis
430 3313 513 3377 serio
528 3315 621 3398 queri
637 3313 671 3374 in
691 3312 837 3393 secunda,
859 3328 890 3377 et
908 3316 943 3376 in
965 3325 1077 3395 quarta
1097 3308 1236 3391 secundi,
1257 3332 1338 3394 quae

316 3447 425 3489 onrnes
441 3440 505 3490 tam
520 3429 638 3491 alienae
662 3442 735 3492 suut
756 3452 775 3491 a
797 3431 868 3493 lusu
889 3440 925 3494 nt
946 3429 1026 3493 nihil
1046 3429 1154 3508 magis.
1194 3427 1339 3517 Eundem

287 3588 294 3601 .
316 3563 456 3605 errorem
476 3543 600 3607 iteravit
619 3543 803 3622 Richterns,
832 3544 888 3629 qul
916 3556 989 3626 post
1008 3543 1160 3605 Vossium
1181 3545 1338 3606 transtulit

315 3654 487 3719 Tibullum.
531 3654 594 3719 Sed
615 3659 694 3720 nilril
714 3672 761 3721 est
779 3658 958 3741 perversius
979 3660 1038 3720 hac
1060 3660 1224 3741 opinione,
1256 3680 1337 3742 quae

313 3771 379 3832 vim
406 3768 623 3833 admirabilem
648 3772 766 3837 horum
794 3771 968 3834 carminum
996 3775 1091 3854 plane
1115 3772 1248 3852 frangit,
1276 3792 1338 3855 pro

313 3887 427 3947 affectu
447 3887 562 3965 lusum,
583 3908 645 3989 Uo
665 3885 777 3951 dolore
798 3886 905 3950 iocum
927 3899 962 3950 ut
980 3889 1070 3951 lubet
1093 3888 1285 3949 substituens
1304 3887 1339 3948 in

312 3997 361 4056 lris
390 4000 566 4078 amoribus,
597 3999 713 4083 quibus
735 4000 816 4061 nihil
836 4001 1005 4077 sincerius,
1034 3999 1166 4061 interius
1191 4000 1251 4061 suit
1276 4018 1337 4059 un·

313 4130 419 4197 qrraur.
470 4113 551 4176 illud
579 4128 682 4183 tamen
708 4115 840 4199 largiar,
866 4119 894 4179 si
919 4116 989 4201 quis
1011 4114 1150 4178 carmina
1171 4114 1211 4179 ad
1231 4114 1337 4179 lllars-
