3009 4725
489 310 599 377 LlBR.
621 310 660 372 ll.
703 307 827 372 ELEG.
848 309 890 372 V.
1137 321 1200 377 273

177 507 323 571 pratumurc
341 493 418 546 flecto
436 486 516 542 verba
534 494 585 537 tuo
602 483 636 537 nd
653 482 737 537 laudis
754 481 866 539 modunl
892 483 992 539 Tamen
1011 485 1061 542 lroc
1078 489 1199 543 alienum.

176 602 248 653 Deua
271 592 373 649 tilulo·
389 590 470 646 rerba
492 589 599 642 {iactare
623 603 646 639 a.
670 586 769 653 tingere
793 592 821 639 et
843 591 903 656 apta
929 588 1038 643 reddare
1063 590 1143 644 debet
1166 590 1198 643 ad

177 700 274 753 landen
310 699 398 762 nuqua
424 691 475 745 hoc
499 689 683 756 consequimur
708 688 840 757 propooita
858 689 908 743 levi
926 692 1075 746 mutatione.
1113 693 1200 761 Saepe

177 802 234 867 quin
251 812 344 851 vocem
361 811 435 848 auam
453 808 501 847 reu
518 798 622 848 cnutum
639 791 745 844 llcctere
767 791 866 845 murico
884 807 962 847 ucuau
979 795 1074 850 dicitnr
1091 803 1120 851 ut
1136 812 1200 851 con-

176 906 245 965 atat3
271 897 332 951 inde
349 896 429 949 ducta
445 893 578 947 locutione
593 907 662 944 nuuc
680 892 774 959 Apollo
792 897 901 959 rogatur
922 901 952 948 ut
969 904 1086 965 poetam,
1104 914 1200 967 querc-

178 1000 219 1053 lae
237 998 371 1065 elegiacon
394 995 473 1062 vulgo
490 1000 638 1059 umerum,
663 993 797 1046 aublimlua
816 1008 972 1062 componere
990 999 1133 1054 orationem
1151 1001 1200 1056 do·

178 1103 253 1162 caat,
278 1093 494 1163 qumadmodnaa
518 1092 603 1146 laralia
626 1090 697 1145 modi
721 1091 955 1158 magnificentiora·
979 1099 1118 1164 postulent
1161 1105 1201 1157 Ac

178 1204 307 1251 tractatur
328 1211 419 1250 revera
443 1200 626 1263 argumentum
650 1194 741 1246 maiorl
765 1193 872 1261 spiritu,
889 1194 1044 1266 ‘dloiturquc
1068 1203 1202 1271 splendida

180 1299 338 1352 lauartatim
357 1296 570 1365 insequentibus
583 1294 734 1348 Messalino.
772 1294 818 1348 Sic
836 1297 921 1348 omnin
940 1299 1017 1353 clara.
1052 1300 1107 1356 lam
1122 1302 1202 1360 lexa..

179 1400 256 1451 metri
274 1403 302 1451 ct
319 1397 473 1466 pentametri
491 1394 558 1450 ratio
576 1392 642 1447 haec
659 1398 701 1447 cat
717 1408 751 1446 ex
769 1399 857 1447 uortm
875 1398 1062 1470 explicatione,
1085 1410 1115 1458 nt
1131 1406 1201 1474 quod

180 1500 226 1551 illo
249 1497 397 1550 indirectiua
422 1499 597 1565 significatur,
625 1493 676 1549 hoc
700 1496 848 1564 expreariua
873 1496 1000 1554 indicetur
1026 1508 1054 1556 et
1079 1507 1203 1576 apertius,

180 1597 396 1666 quemadmodum
412 1611 493 1665 naepc
509 1597 540 1649 fit
556 1596 583 1649 ia
600 1593 796 1648 hortationibus.
814 1622 850 1635 -·
881 1596 913 1651 V.
931 1601 948 1651 n
966 1615 1005 1667 aq.
1040 1600 1134 1672 Ipsa,
1153 1606 1203 1660 bo-

182 1715 231 1754 nna
255 1699 378 1753 transitur
402 1714 436 1752 ex
455 1700 576 1767 oppositu
600 1697 753 1767 pronomine
780 1711 871 1751 meaa
897 1697 922 1751 in
951 1700 1004 1753 tina
1028 1704 1205 1760 antecedentia

182 1814 281 1852 renna
294 1825 331 1838 -
347 1797 553 1870 triumphali
571 1801 685 1866 lauru,
704 1815 738 1852 ex
752 1800 928 1853 Romanorum
945 1816 1031 1871 more,
1050 1805 1119 1874 apud
1137 1824 1204 1876 quon

183 1902 257 1954 lauru
274 1905 377 1955 conatat
393 1900 593 1970 triumphatores
611 1901 691 1955 inim
709 1907 823 1955 ornatos·
858 1902 913 1957 Sed
937 1903 998 1972 quid
1023 1909 1077 1960 vult
1101 1914 1204 1978 poetn'l

182 2005 253 2056 Sane
272 2004 366 2071 Apollo
384 2004 526 2056 laureatum
544 2003 624 2058 debet
649 2001 745 2057 habere
764 2009 843 2074 caput
861 2004 887 2056 in
906 2005 951 2057 tali
974 2005 1059 2072 ieat03
1084 2023 1132 2062 cnr
1154 2025 1203 2063 au·

182 2109 235 2157 tcm
260 2102 421 2172 triumphali
444 2103 583 2157 additum?
619 2103 736 2158 Vossius
756 2103 927 2158 Octavianum
945 2105 1092 2176 Augurium
1110 2112 1205 2180 reaplcl

184 2209 272 2273 putat,
289 2203 334 2272 qui
351 2201 420 2273 apud
439 2204 541 2257 Actium
560 2201 703 2255 Antonium
721 2200 804 2267 iudlt3
822 2208 849 2255 at
867 2205 934 2258 euim
952 2206 1051 2260 nullum
1069 2208 1137 2276 apud
1154 2210 1203 2263 Ti·

183 2302 281 2357 bullum
299 2303 332 2356 ‹lc
352 2305 470 2370 Augusto
487 2300 611 2368 verbum,
634 2316 684 2354 neo
702 2300 764 2353 licet
782 2303 899 2370 cogitare
918 2304 951 2358 de
970 2320 1016 2374 eo,
1041 2306 1115 2360 cuiun
1134 2311 1204 2364 nulla

183 2408 282 2460 mentio
299 2406 383 2471 iacta,
399 2406 421 2457 ni
439 2403 644 2458 hermeuenticea
662 2403 766 2470 regular
785 2404 911 2462 audimur.
946 2407 1028 2463 Immo
1047 2410 1080 2463 ad
1101 2411 1204 2466 Menan-

184 2503 263 2558 liuum
281 2516 324 2557 rea
341 2504 461 2572 partinet,
478 2504 521 2556 cul
539 2510 597 2557 orto
616 2520 632 2558 c
649 2504 727 2558 domo
748 2503 905 2573 triumphali,
923 2521 981 2559 nam
1000 2514 1075 2576 puter
1091 2511 1205 2568 Messala

184 2605 218 2658 tle
242 2604 378 2671 Aquitania
402 2601 618 2672 triumphaverat,
651 2605 704 2657 iam
730 2608 757 2656 ct
783 2603 831 2671 ipsi
856 2608 915 2672 pont
939 2604 1204 2668 Quindecimvlrntuua

184 2711 286 2773 partum
302 2702 413 2771 gloriam
430 2701 564 2755 militarem
583 2710 725 2770 auguratur
745 2706 825 2772 poeta
848 2708 876 2755 ct
900 2701 1056 2773 triumphum
1080 2705 1205 2777 futurum,

184 2805 399 2873 quemadmodum
412 2804 526 2874 apertius
539 2804 565 2856 ln
580 2804 632 2857 uua
647 2804 767 2857 carminis
778 2804 946 2872 significatur.
976 2804 1044 2859 Nam
1058 2822 1106 2876 per
1122 2810 1205 2866 Quin-

185 2905 378 2960 (lecimriratum
389 2903 474 2959 aditur
485 2904 518 2956 ad
530 2902 692 2956 consulatum
711 2904 818 2973 patebat
832 2903 859 2958 ln
874 2904 953 2958 libera
969 2905 1100 2973 republica
1117 2914 1145 2961 et
1157 2908 1206 2962 nub

186 3008 348 3062 Caesaribus.
378 3008 439 3065 Ltv.
458 3005 504 3072 vl,
522 3007 574 3057 tna
599 3003 691 3055 Creuti
709 3004 827 3078 quinqua
842 3014 969 3075 potrum,
989 3003 1106 3077 quinqua
1121 3003 1207 3076 plebia

187 3104 235 3173 (ut
252 3104 388 3157 tamarae
408 3103 566 3171 numerus),
584 3101 727 3175 graduque
744 3121 775 3156 co
792 3102 846 3155 r'om
867 3103 910 3156 via
923 3103 1009 3175 sucta
1027 3103 1066 3154 ad
1081 3105 1206 3159 contulu-

187 3212 247 3255 tum
264 3201 415 3258 videbatur.
451 3204 537 3256 Snnr.
556 3202 621 3255 Silo.
640 3202 661 3267 l,
679 3205 706 3268 2,
725 3206 786 3256 lto.
806 3201 838 3255 de
856 3203 888 3256 L.
907 3204 1035 3257 Auruutio
1054 3204 1137 3259 Stella
1151 3208 1207 3261 Pa-

187 3303 291 3357 tavinoa
313 3300 579 3358 mamortinam,
597 3301 637 3354 sic
654 3301 826 3373 indulgentia
840 3312 941 3373 pergat
959 3303 1098 3360 Praesidio
1115 3307 1207 3361 Auso·

183 3404 236 3462 aii,
263 3420 359 3456 ramos
376 3401 501 3455 attollere
513 3402 610 3475 saccas
628 3403 704 3455 Auta
721 3403 807 3462 dicm5
835 3400 977 3454 coricium
994 3423 1067 3458 nunc
1084 3405 1207 3478 Cybeleia

184 3502 258 3553 novit
276 3500 386 3555 Limina
402 3512 431 3554 et
448 3500 585 3554 Euboicae
602 3517 709 3552 carmen
731 3498 799 3571 legit
820 3498 867 3552 illc
884 3498 1013 3572 Sibyllae.
1049 3507 1131 3561 Vides
1148 3515 1209 3577 pont

185 3593 249 3649 llaec
266 3608 378 3654 mentem
396 3600 504 3654 Tibulli.
540 3600 650 3669 Apollo,
675 3614 742 3666 quac
765 3598 916 3654 aunviaalme
934 3606 1083 3673 excogitata
1100 3613 1206 3659 oenten-

185 3693 222 3745 tia
245 3702 300 3760 ert,
327 3704 421 3751 ornatu
444 3701 511 3754 lauri
534 3706 638 3771 sumpto
661 3715 744 3753 nouae
768 3698 852 3751 laudis
875 3716 948 3768 apem
966 3702 1059 3755 alierto
1078 3703 1207 3756 sacerdoti

184 3804 243 3854 nuo,
260 3794 450 3861 etm'gniflcato
466 3801 528 3867 qnid
546 3818 604 3857 cum
623 3802 747 3857 hodierno
766 3799 865 3855 honore
885 3799 1019 3868 promittat
1035 3802 1154 3870 umpllun.
1172 3832 1208 3844 -

183 3885 266 3942 Dum
283 3892 459 3947 cumulant
475 3912 566 3966 arar,
590 3902 708 3971 prosiciia
726 3917 789 3959 arae
807 3899 935 3975 impotffil
951 3904 979 3954 03
995 3904 1063 3956 ture·
1098 3902 1208 3958 Conlert

183 3986 316 4040 Humor
341 3988 437 4056 virgil.
455 3992 519 4044 Aen.
539 3996 587 4063 XI,
604 3996 656 4054 ὅθ,
685 4005 861 4089 cumamque
886 3996 993 4050 ultorio
1014 3996 1097 4052 donia.
1133 4002 1227 4056 atde·

123 4142 129 4153 ,
183 4088 272 4142 (lm.
297 4088 330 4154 V,
348 4093 380 4141 l:
407 4087 513 4143 altaria
527 4100 596 4159 ‘ture
620 4106 648 4147 ct
671 4100 797 4171 omnibu,
823 4096 947 4172 odbrilutn
970 4094 1112 4149 cumulare.
1155 4102 1210 4154 De·

775 4210 933 4269 »tu
