3009 4725
351 441 414 482 exst
758 414 815 477 DE
839 412 959 482 POESI

347 609 377 659 et
400 606 505 676 aperte
526 588 647 675 prudit3
680 588 760 653 nibil
786 593 897 670 molle,
928 591 1007 654 nihil
1031 591 1171 675 languidi
1197 608 1251 658 aut
1272 597 1368 658 fiscali

348 717 379 774 iu
401 712 544 774 sensibus
566 710 633 770 eius
654 706 744 782 inest,
766 704 821 768 sed
843 707 1003 788 simplicia,
1023 710 1211 799 inaffectata,
1233 731 1368 774 nervosa
1411 765 1423 794 ,

349 827 465 890 omnis.
524 821 569 884 Ut
596 822 633 882 in
664 822 774 883 ceteris
803 820 922 883 Tibulli
950 824 1141 888 carminibus
1170 801 1369 910 querimonia

347 951 474 1023 regnat,
506 938 549 1000 sic
570 936 647 996 hsce
673 930 803 1012 elegidia
826 951 917 996 curas
945 939 1060 1002 amoris
1089 940 1240 1004 exhibent
1265 944 1368 1023 plere-

348 1076 429 1141 que3
457 1054 558 1115 hilare
579 1048 716 1131 primum
724 1091 733 1124 ,
757 1060 789 1108 et
808 1048 904 1129 plane
924 1049 1059 1130 laetum,
1082 1073 1122 1114 ne
1150 1053 1189 1117 dc
1212 1074 1298 1118 neno
1321 1055 1368 1118 di-

347 1190 424 1247 cam,
445 1165 627 1247 septimum:
649 1159 737 1247 quod
758 1162 793 1224 in
814 1165 879 1226 suis
902 1163 1031 1247 quidem
1053 1171 1379 1233 mauriennense·

346 1284 430 1345 misit
450 1279 603 1356 Tibullus,
623 1279 729 1358 potuit
749 1297 827 1340 vcro
848 1277 953 1340 lacere
973 1278 1112 1343 iucunde
1131 1285 1255 1363 puellae
1278 1303 1365 1345 amo·

345 1417 396 1459 ree
416 1393 598 1475 depingens.
637 1391 696 1453 Vis
718 1391 905 1470 affectuum,
929 1404 967 1454 ut
986 1395 1107 1456 notavit
1128 1395 1221 1456 etiam
1241 1396 1364 1472 Mauso,

346 1512 452 1593 paullo
474 1509 580 1570 minor
601 1525 696 1590 quam
723 1505 757 1567 in
787 1505 890 1587 prime
920 1519 951 1569 st
979 1506 1118 1571 secundo
1147 1510 1247 1589 libro,
1278 1511 1366 1594 quod

344 1646 410 1690 non
431 1623 553 1688 mireris
567 1623 603 1683 in
621 1621 723 1684 alieno
746 1640 855 1683 amors
875 1623 981 1704 parvis
1003 1621 1142 1703 elegidiis
1163 1623 1367 1705 adumbrat03

342 1739 422 1805 illud
443 1760 520 1807 vero
544 1737 677 1802 observa
699 1747 852 1820 quantum
873 1738 1014 1818 vigorem
1035 1738 1241 1802 nihilominus
1261 1743 1368 1805 omnia

343 1856 394 1918 hic
423 1856 561 1917 habeant
589 1865 620 1914 ct
640 1871 736 1937 quam
756 1850 889 1914 aintilcm
913 1855 1023 1918 ceteris
1044 1855 1232 1920 Tibullianis
1254 1861 1368 1922 carun·

345 1973 448 2054 nibue,
469 1993 541 2036 cum
561 1968 715 2055 Lygdnmi
735 1968 818 2032 liber
839 1973 975 2036 multum
996 1974 1055 2037 hac
1073 1993 1108 2036 re
1130 1972 1293 2054 discrepet.

749 2179 960 2196 ——1-

342 2357 375 2412 lt
404 2358 452 2412 llll
468 2349 596 2409 FORMA
610 2349 659 2405 ΕΤ
672 2347 947 2417 coueosttlonn
963 2347 1184 2407 ELEGIARUM
1204 2352 1363 2413 TIBULLI.

425 2546 595 2625 Postquam
625 2538 664 2601 da
693 2551 878 2618 argtmtento
905 2539 1074 2619 elegiarum
1096 2541 1215 2605 Tibulli
1237 2540 1363 2622 dicmur,

341 2678 426 2719 ntsnc
447 2655 486 2718 de
508 2652 743 2736 compositionis
764 2651 888 2713 ratione
910 2672 1086 2734 exponam,
1121 2676 1202 2739 quse
1223 2679 1274 2721 res
1295 2662 1362 2723 for-
1424 2730 1433 2747 ·

340 2773 428 2836 malis
451 2783 513 2848 est,
535 2766 589 2833 sed
612 2788 678 2833 non
699 2768 804 2829 miuus
824 2766 964 2831 iucunda
985 2770 1112 2849 cognitu
1134 2782 1165 2833 et
1186 2771 1227 2835 ad
1247 2773 1363 2837 intelli·

339 2887 440 2972 genda
461 2888 538 2949 haec
566 2886 703 2949 carmina
724 2885 915 2958 necessaria,
947 2894 984 2946 ut
1010 2885 1133 2948 ntireris
1155 2908 1224 2948 eam
1245 2888 1362 2952 hueus-

340 3027 402 3091 que
424 3003 595 3083 neglectam
617 2996 751 3061 necdum
774 3019 793 3058 a
815 3015 976 3079 quoquam
1003 2997 1199 3077 explicatam.
1248 2999 1361 3083 Neque

339 3139 418 3186 vero
438 3118 539 3181 solum
559 3115 594 3176 in
615 3112 711 3174 rebus
730 3130 789 3192 per
810 3130 842 3170 se
866 3109 1009 3190 spectetis
1030 3111 1078 3173 vis
1101 3123 1132 3173 st
1157 3113 1359 3195 pulchritudo

337 3251 470 3316 poeseos
489 3231 580 3308 inest,
601 3225 655 3289 sed
677 3243 744 3287 non
765 3225 870 3287 minus
891 3226 983 3287 etiam
1006 3225 1040 3287 in
1061 3246 1170 3289 earum
1190 3241 1261 3310 apta
1277 3251 1361 3294 com-

338 3345 505 3429 positione,
526 3345 554 3407 si
573 3356 604 3405 et
620 3342 704 3404 inter
722 3360 755 3403 se
773 3342 854 3402 bene
876 3341 1064 3405 conveniant
1081 3357 1187 3426 partes
1207 3348 1360 3427 partium.

340 3478 402 3542 que
422 3469 579 3541 parasset
601 3454 641 3519 ed
661 3476 762 3519 mum
783 3476 939 3520 nmmum
959 3455 1056 3520 mem
1076 3461 1214 3527 suaviter
1236 3464 1360 3545 censpi-

338 3585 420 3637 rcnt.
468 3573 514 3635 Ac
535 3572 655 3636 Tibulli
679 3574 817 3637 carmina
844 3575 896 3639 uei
923 3573 1077 3656 imprimis
1098 3578 1192 3638 talem
1213 3575 1360 3659 disquisi-

337 3689 456 3751 tionem
479 3684 713 3765 desiderabant,
745 3689 834 3752 cuius
856 3710 906 3751 ars
935 3688 970 3750 in
997 3690 1057 3752 hoc
1079 3690 1149 3771 ipso
1175 3690 1359 3771 imperfecta

338 3804 485 3883 ereditur,
505 3802 596 3866 cuius
618 3805 756 3866 carmine
775 3806 919 3887 Heynius
938 3807 1123 3869 lacunarum
1138 3804 1231 3883 signis
1247 3809 1359 3888 imple.

336 3923 400 3999 bat,
422 3920 474 3983 eui
495 3941 598 4003 nuper
614 3919 746 3985 Vossius
768 3934 918 4005 quattuor
937 3922 1048 4000 elegias
1069 3940 1110 3980 ex
1132 3918 1255 3983 duabus
1275 3918 1372 3986 lecit.'

336 4034 422 4097 Ntun
450 4032 594 4096 sufficere
620 4047 754 4115 possunt
781 4035 922 4115 vulgaria
949 4041 1130 4111 argumenta
1149 4033 1356 4113 interpretum

282 4232 291 4247 ⁶
337 4146 375 4210 ad
400 4147 474 4211 talia
495 4144 715 4212 diiudicanda?
767 4144 831 4208 Sed
858 4158 1028 4227 antequam
1050 4143 1177 4208 adrem
1200 4145 1354 4229 accedam,
