3009 4725
471 325 583 392 LIBR.
606 327 661 392 ΙΙΙ.
704 327 829 394 ELEG.
849 330 906 396 ΠΙ.
1146 341 1207 402 337

185 507 264 565 habu
280 505 398 567 muana,
415 504 446 552 ut
462 499 606 554 Prorusr.
623 495 657 562 ll,
675 498 721 562 25,
739 499 784 550 34.
801 496 922 552 Pruuru.
941 496 1018 565 Pyth.
1038 496 1085 566 XI,
1103 502 1148 556 29.
1170 531 1205 544 -

185 609 273 662 falso
292 603 444 674 plurima
460 598 587 665 vulgus
604 602 707 660 amat,
731 593 758 650 i.
776 610 802 649 e.
820 596 945 663 plurimu,
972 613 1039 665 qliae
1059 606 1128 653 aurat
1148 603 1205 654 rul-
1317 633 1322 640 ·

185 721 250 773 pus,
275 704 342 756 laiso
360 707 439 754 amat,
476 699 578 765 Vulgus
601 705 671 749 aust
689 696 794 763 quidem
812 695 931 764 diuitias,
955 697 1002 752 sed
1021 706 1090 752 erret
1106 702 1134 754 lu
1154 700 1205 756 hoo

184 811 215 855 ut
231 804 258 855 in
275 803 333 854 aliis
351 799 485 869 plurimis3
512 798 612 851 nullum
637 802 678 849 est
696 798 769 863 vulgi
789 797 915 851 iudicium
932 800 959 850 iu
976 815 1039 854 vero
1058 801 1143 870 prelio
1161 819 1204 858 re-

185 918 242 956 rum
260 900 499 956 constituendo·
517 899 549 953 V.
563 901 598 949 ²1
613 914 670 964 sqq.
695 905 829 952 mentes
847 915 1020 969 curaeque
1038 904 1205 974 levantur,

185 1019 314 1070 zeugma,
332 1001 412 1055 veluti
430 1000 515 1051 Orru.
533 997 601 1052 Met.
620 998 655 1063 X,
675 1002 745 1051 ause
774 1016 907 1072 curasque
925 1011 952 1053 et
970 1021 1082 1075 corpora
1099 1026 1206 1064 somnus

187 1103 320 1154 Solverat.
355 1100 436 1153 Addit
455 1099 506 1151 alis
526 1097 603 1166 plura
619 1097 876 1152 Wurruuaurcurus.
912 1101 1000 1155 Semel
1018 1105 1097 1158 ctiam
1114 1106 1208 1159 Tibul-

186 1205 228 1256 lus
243 1216 355 1268 zeugma
371 1198 463 1263 habet,
480 1196 503 1261 1,
521 1199 547 1261 4,
566 1199 610 1247 65.
628 1199 674 1247 66.
690 1222 727 1234 -
756 1200 930 1264 tempora,
947 1199 1107 1254 conditiones
1125 1202 1208 1258 lromi-
1258 1255 1259 1258 ,

186 1320 257 1369 uum,
274 1300 465 1355 vicissitudines
480 1312 578 1361 rerum,
595 1295 692 1363 regit
710 1295 868 1349 Fortuna
884 1297 953 1350 sicut
971 1299 1022 1367 ipsi
1039 1303 1135 1369 placet,
1155 1320 1206 1358 uou

187 1402 271 1467 magis
288 1400 412 1451 divitibus
429 1411 540 1465 parcens
559 1412 635 1462 quam
653 1396 720 1463 aliis,
740 1402 819 1462 utque
836 1397 927 1450 ultima
944 1405 1018 1453 aetas
1036 1401 1135 1456 liberae
1152 1405 1207 1458 rei-

188 1497 309 1568 publicae
332 1495 396 1547 satis
420 1494 599 1562 exemplorum
623 1491 699 1545 luius
726 1495 832 1559 generis
856 1494 964 1548 viderat.
983 1524 1019 1536 -
1048 1500 1104 1552 Sit
1128 1500 1208 1555 mihi
1233 1517 1236 1522 ’

189 1599 375 1665 paupertas
395 1598 462 1658 etc,
487 1590 550 1644 nihil
566 1593 676 1661 amplius
696 1591 825 1647 desidem.
845 1621 876 1632 -
895 1596 938 1646 st
960 1596 1036 1649 siue
1060 1603 1101 1651 te.
1137 1601 1208 1656 Male

189 1696 433 1750 Wursuuaurcurus
451 1693 489 1744 Bt
507 1693 634 1762 probavit,
652 1692 761 1746 luudsus
780 1693 847 1759 1,s,
864 1695 908 1746 34.
926 1693 972 1746 ubi
989 1694 1139 1763 displiceret
1155 1699 1207 1757 At.

189 1799 221 1846 ut
235 1792 261 1845 h.
276 1794 335 1845 loco
351 1793 391 1843 Er
406 1790 469 1845 ferri
487 1793 578 1858 nequit
596 1796 704 1860 propter
720 1790 837 1843 additum
852 1789 909 1842 sine
922 1800 958 1846 te.
993 1794 1078 1847 Porro
1095 1811 1208 1864 regum

188 1911 330 1950 munero
352 1899 413 1947 suut
436 1908 511 1962 opes·
545 1893 689 1946 Puoruuu.
707 1892 728 1958 Ι,
748 1895 793 1958 14,
811 1893 862 1945 24:
889 1892 966 1962 Quos
984 1893 1050 1944 milri
1066 1893 1130 1946 dum
1143 1895 1208 1965 plcr-

188 2004 254 2046 coto
273 1992 375 2051 oderit,
399 2010 452 2044 uon
476 1989 536 2043 ullo
553 1987 662 2042 verebor
677 1991 776 2060 Regna
800 2006 848 2041 neo
864 1988 975 2043 Alcinoi
991 2007 1102 2043 munera
1121 1993 1210 2063 despi-

187 2111 252 2153 cere,
272 2111 288 2148 a
306 2109 358 2162 quo
375 2097 478 2147 coastat
491 2093 612 2160 Ulyssem
629 2090 709 2158 largis
727 2091 802 2143 douis
819 2090 952 2148 donatum.
987 2092 1106 2161 Denique
1124 2096 1207 2149 volo

190 2200 281 2247 contra
299 2194 422 2249 Vossrurr
440 2190 521 2246 velim
545 2188 735 2260 praeferentem
759 2188 876 2244 deleudit
892 2190 1055 2244 lluscurrus
1073 2192 1210 2248 commode

187 2293 300 2346 afferens
318 2293 444 2346 Corum
470 2290 542 2346 Nur.
560 2290 620 2356 XV,
638 2294 671 2344 42
699 2290 823 2362 Namque
844 2288 915 2344 orbis
938 2300 1073 2344 terrarum
1098 2291 1209 2349 dvitiae

189 2392 308 2458 occipere
325 2390 385 2441 nolo
402 2407 452 2457 pro
467 2388 577 2456 patriae
594 2388 722 2443 caritate.
740 2415 776 2428 -
804 2390 860 2443 lam
875 2392 950 2459 sequi
967 2390 1081 2446 debebat
1097 2392 1208 2446 felicita·

190 2488 224 2540 tis
241 2489 267 2539 iu
284 2487 406 2552 coniugio
425 2485 546 2538 Neaerae
568 2494 688 2555 sperstae
706 2488 849 2557 descriptio
873 2488 1009 2557 disertior,
1034 2509 1112 2560 quam
1136 2495 1210 2549 clau-

191 2590 269 2643 sisset
285 2589 351 2643 beue
368 2586 495 2642 distichon
513 2588 672 2657 proximum:
701 2587 865 2645 Oratorem,
889 2604 961 2659 quae
983 2598 1011 2640 re
1026 2591 1127 2658 poterit
1145 2592 1211 2645 milri

191 2691 301 2747 reddere
318 2690 403 2743 lucem
419 2698 489 2758 ete,
515 2691 732 2759 quemadmodum
757 2691 784 2744 iu
802 2690 999 2743 Introduulioue
1016 2688 1079 2743 dixi
1098 2718 1134 2730 ··-
1162 2695 1212 2745 ui.

192 2808 304 2859 ream,
338 2792 418 2860 vulgo
445 2791 579 2846 candidam
607 2792 706 2847 dieunt.
747 2791 865 2845 luscleus
890 2806 962 2844 usus.
986 2817 1022 2829 -
1054 2803 1140 2857 quae
1166 2795 1211 2843 te.

191 2891 322 2945 Vossruse
357 2889 424 2942 milri
450 2899 477 2943 te
501 2890 604 2962 poterit
631 2910 717 2966 quae,
745 2908 852 2962 pravam
878 2891 1068 2961 oppositionem
1096 2888 1210 2943 infereus

192 2987 276 3043 ltaucs
294 3005 362 3055 quae
380 3006 431 3044 nou
449 2991 494 3044 alii
513 2998 557 3059 te,
576 2993 624 3047 sed
642 2993 704 3047 mihi
722 2994 829 3060 reddetr
846 2991 916 3062 quod
934 2990 1014 3045 nihili.
1051 2989 1211 3042 Collocstio·

192 3105 241 3143 ues
258 3091 395 3146 verborum
413 3093 502 3148 nullae
520 3097 642 3164 poeticae
659 3101 736 3162 suut,
763 3112 830 3165 quse
849 3111 900 3149 uun
917 3093 992 3148 simul
1010 3094 1152 3145 sententiae
1169 3107 1210 3145 ra·

191 3191 255 3243 tioui
273 3193 440 3247 conveniunt.
457 3223 492 3234 -
522 3212 610 3264 quae
629 3197 765 3266 poterit
781 3195 940 3260 reddere,
958 3209 1027 3261 quae
1042 3191 1147 3246 ellicere
1166 3207 1211 3246 ra·

190 3292 255 3346 lebit
272 3273 307 3345 uf
321 3293 427 3359 redeas,
444 3294 479 3347 el.
497 3294 532 3348 ad
549 3296 571 3361 l,
589 3302 616 3360 7,
633 3300 660 3347 3.
679 3294 704 3348 lr.
723 3310 748 3348 e.
767 3293 879 3362 quodie
897 3291 1001 3345 redibis.

190 3448 194 3454 ,
260 3394 295 3448 V.
319 3393 426 3447 sst-ad
453 3395 540 3449 duem.
584 3394 671 3448 Pars
702 3396 816 3450 altera
850 3391 1021 3447 carminis.
1047 3391 1107 3444 -st
1136 3390 1213 3445 siue

189 3495 325 3553 Neaera
342 3512 382 3552 ue
400 3512 485 3566 opes
503 3495 641 3565 quidem
656 3497 795 3561 iurare,
817 3510 889 3549 cum
907 3509 946 3548 ea
969 3493 1212 3548 felicissimum

190 3608 225 3646 se
248 3611 430 3662 pauperem
455 3596 550 3661 lore3
574 3593 699 3663 quodsi
726 3593 796 3646 late
821 3592 971 3648 reditum
997 3592 1134 3662 puellae
1159 3589 1214 3641 rre-¹

191 3696 292 3755 gent,
310 3699 510 3749 mortemue
528 3692 744 3759 sibiopture
763 3689 864 3745 dicit.

261 3788 295 3839 V·
313 3790 349 3838 27
366 3804 424 3858 suo.
443 3809 508 3862 pro
526 3792 623 3847 dulci
641 3791 782 3860 reditu,
800 3793 856 3848 scil.
874 3789 899 3844 iu
917 3789 1028 3857 gratiam
1046 3783 1123 3838 etad
1141 3783 1213 3853 prio-

190 3894 234 3933 res
250 3888 345 3936 seusus
361 3888 466 3942 amoris.
503 3892 646 3963 Perpetem
664 3892 771 3959 quidam
789 3895 823 3952 de
841 3891 935 3947 itinere
953 3894 980 3941 et
995 3885 1111 3939 discessu
1125 3884 1214 3937 Neae-

191 3997 237 4036 rae
254 3983 388 4052 cogitant,
403 3990 477 4056 quasi
497 4008 556 4047 cum
574 4001 656 4049 matre
674 3995 770 4058 abierit
787 4004 890 4063 Romu,
907 3988 976 4060 quod
995 3987 1109 4057 explosit
1124 3988 1215 4041 Seors-

190 4097 256 4138 ruus
281 4081 394 4141 Dissert.
412 4087 435 4140 l.
462 4104 488 4155 p.
510 4091 556 4145 ot.
598 4095 666 4151 vide
690 4102 772 4165 modo
800 4130 827 4174 ,0
850 4100 902 4155 dor
937 4088 1000 4143 Aut
1027 4084 1051 4138 ri
1074 4085 1144 4159 soto
1170 4100 1217 4138 ne·

920 4196 961 4255 22
