3009 4725
323 409 386 467 250
565 401 848 470 consulu-Nulo
869 405 915 470 IN
936 404 1110 469 TIBULLI

321 576 485 630 locutorio
503 575 563 630 ula.
579 576 644 634 lust.
663 576 684 643 l,
704 580 753 630 102
782 580 837 629 Cur
854 585 947 629 aulem
959 576 1096 649 figulinae
1113 581 1245 645 repertori
1262 583 1344 634 honos

319 692 374 726 non
397 672 534 727 babetur?
575 675 624 729 An
650 675 717 747 quia
740 675 790 728 isli
815 676 913 728 divites
937 693 1006 728 νοω
1031 675 1124 728 Samia
1150 682 1345 734 contemnunt?

320 774 387 826 Vide
409 776 486 848 eq'am
511 776 595 828 Porro.
612 775 725 840 XXXV,
749 777 793 840 12,
811 777 856 829 lo.
895 775 1081 845 Exposuerunt
1104 774 1137 826 de
1154 773 1194 827 bis
1211 776 1341 831 Bacuen-

319 854 417 925 iussus
434 883 462 926 et
481 877 601 928 Vorenus
620 884 647 930 et
665 878 800 930 Parrum
826 877 852 929 iu
878 877 945 930 libro
961 879 1003 930 cui
1023 879 1131 929 titulus:
1158 876 1213 926 Res
1236 878 1340 929 Sarnio-

317 989 377 1022 rum
392 991 418 1041 p.
431 977 472 1027 lt.
483 1003 518 1016 -·
535 977 620 1030 Porro
638 975 786 1028 Cumana
805 991 865 1027 vasa
883 981 1058 1027 memorantur
1075 992 1091 1028 a
1108 978 1209 1031 Purnro
1226 976 1338 1043 XXXV,

316 1077 366 1127 12:
387 1073 577 1129 Nobr'lt'torrtur
594 1076 628 1127 tis
645 1075 743 1144 oppido
758 1092 871 1146 quoque,
891 1083 923 1124 ut
936 1074 1070 1146 Rhegium
1085 1086 1112 1128 et
1128 1080 1234 1132 Cumae.
1271 1078 1337 1131 vide

314 1174 492 1228 Bnouonnus.
511 1183 538 1229 et
556 1175 650 1226 Harrs.
687 1173 771 1226 Erunt
797 1172 861 1227 baec
888 1174 1037 1243 Campanae
1061 1179 1246 1245 supellectilis,
1270 1194 1337 1245 quae

312 1274 440 1327 modicam
458 1276 584 1327 sortnnsm
602 1274 757 1341 testabatur,
775 1274 809 1328 ei.
828 1274 939 1329 Hoasn.
958 1276 1016 1328 Sat.
1034 1276 1056 1341 l,
1075 1282 1101 1343 o,
1123 1282 1183 1331 118.
1218 1277 1283 1345 Egit
1301 1278 1335 1332 de

312 1374 344 1425 iis
360 1389 441 1441 nuper
459 1376 536 1427 etiam
556 1376 713 1428 lllirnnauus
731 1377 758 1428 iu
776 1376 835 1428 libr.
854 1377 888 1431 de
905 1376 1026 1429 Etruscis
1039 1378 1114 1430 Toum
1130 1379 1164 1445 ll,
1183 1396 1208 1447 p.
1222 1382 1286 1432 ato.
1303 1407 1336 1419 —

311 1474 448 1527 lubrica
473 1482 579 1528 terra.
614 1474 699 1527 Erant
716 1476 806 1527 fictilia
824 1476 897 1528 rubri
914 1477 1019 1530 coloris.
1058 1476 1150 1528 Tellus
1173 1481 1243 1528 Osca
1261 1479 1335 1531 Pno-

311 1590 393 1626 nrrun.
412 1574 458 1639 lV,
471 1578 499 1638 ὓ,
512 1579 556 1626 62.
569 1602 606 1614 -
623 1582 716 1638 rota,
734 1576 762 1627 in
780 1591 809 1628 re
826 1576 924 1642 figlina,
944 1575 978 1628 cl.
993 1576 1104 1628 Horren.
1123 1578 1179 1628 Art.
1197 1577 1230 1630 Ρ.
1249 1593 1272 1629 v.
1289 1580 1333 1630 22.

309 1675 449 1728 Postremo
467 1673 501 1727 de
518 1675 618 1728 ratione
639 1675 762 1744 loquendi
782 1677 1025 1730 qurrnsanronms
1046 1676 1147 1728 confert
1164 1677 1249 1728 Snun.
1267 1678 1332 1730 Silr.

308 1772 356 1837 lV,
373 1777 401 1838 9,
419 1777 471 1826 432
499 1776 616 1825 Cumano
639 1774 755 1843 polinas
778 1774 808 1825 in
833 1774 894 1827 orbe
923 1783 1014 1827 tortos
1040 1774 1141 1841 (collat.
1168 1775 1275 1828 banno.
1299 1777 1332 1828 ad

308 1871 403 1925 Horat·
420 1874 477 1925 Sat.
496 1872 519 1939 l,
536 1877 563 1939 ³,
584 1873 661 1940 et),
691 1878 718 1926 et
738 1873 849 1927 Hoaan.
868 1873 998 1939 1,20‚9.
1022 1874 1066 1940 qui
1091 1889 1139 1940 pro
1158 1873 1216 1925 vino
1235 1874 1333 1927 Caleno

308 1972 374 2025 linit
395 1973 471 2042 prelo
497 1972 625 2026 domitum
649 1973 746 2025 Caleno
773 1993 863 2026 uvam.
881 2002 916 2014 -
943 1974 977 2028 V·
995 1976 1040 2028 49.
1057 1976 1102 2025 50.
1139 1974 1179 2025 De
1197 1988 1273 2026 sensu
1290 1973 1333 2026 di-

307 2070 381 2124 sticlri
395 2088 474 2138 supra
489 2075 644 2141 expositum.
663 2072 806 2125 veniant
822 2077 908 2123 autem
925 2077 966 2123 est
979 2072 1138 2138 contingant,
1152 2079 1180 2123 ut
1195 2089 1282 2141 saepe.
1294 2101 1330 2113 -

307 2172 341 2226 V.
359 2175 393 2224 bl
414 2188 472 2240 sqq.
499 2174 641 2227 luxuria
661 2173 762 2237 fluat,
787 2178 817 2224 ut
833 2179 894 2224 sunt
912 2171 1061 2224 notissimae
1085 2173 1230 2224 locutiones
1248 2173 1327 2228 luxu.

306 2268 419 2322 luxuria
435 2273 539 2340 fluere,
566 2271 695 2340 diffluere.
712 2298 748 2310 -
777 2271 933 2334 lncedat,
961 2269 995 2321 de
1013 2284 1105 2334 gressu
1123 2269 1156 2321 ad
1172 2272 1327 2335 gravitatem

306 2368 453 2437 fastumque
477 2372 621 2438 composito
637 2369 764 2436 usurpari
791 2374 901 2421 constat.
917 2392 952 2406 -
985 2368 1252 2436 conspicienda,
1281 2386 1327 2422 or-

305 2476 381 2549 nata,
400 2471 548 2538 conspicua.
574 2470 656 2521 Orru.
674 2469 745 2522 Fast.
769 2468 802 2534 V,
821 2473 887 2520 llo:
916 2470 982 2517 Cum
999 2475 1079 2518 sotus
1096 2475 1138 2518 est
1150 2466 1247 2536 sorum
1264 2482 1329 2519 corr-

304 2569 458 2638 epiciendus
472 2573 562 2640 Hyas.
580 2570 828 2624 Wuuouanrcutus
847 2568 948 2621 coulert
966 2567 1074 2620 Hoaan.
1087 2566 1172 2635 Epist.
1185 2564 1220 2631 ll,
1235 2570 1262 2631 3,
1276 2570 1330 2621 ille

304 2671 481 2740 spectandum
509 2671 596 2743 nigris
623 2670 708 2724 oculis
734 2671 864 2743 nigroque
893 2667 999 2738 capillo.
1018 2697 1054 2708 -
1083 2668 1148 2720 Mox
1174 2677 1261 2720 vestes
1286 2677 1328 2718 te·

304 2787 387 2826 siner,
423 2788 492 2840 quus
514 2770 624 2841 femina
653 2774 706 2822 Ooo
741 2769 847 2826 texuit,
879 2775 940 2822 sunt
969 2769 1049 2837 vulgo
1076 2768 1228 2838 simpliciter
1255 2770 1327 2822 Coae

303 2876 391 2924 vestes
409 2870 511 2934 dictae,
535 2870 661 2922 tenuitate
679 2868 805 2933 infames,
826 2874 855 2920 ut
873 2868 981 2933 notum',
999 2884 1107 2935 quarum
1124 2868 1252 2921 inventrix
1270 2869 1326 2920 Coa

302 2946 441 3042 Pamphile
460 2968 611 3040 perhibetur
629 2966 718 3034 luisse,
735 2969 771 3023 oi.
789 2970 870 3021 Psrn.
890 2969 959 3021 Hist.
973 2968 1006 3023 N.
1024 2969 1071 3035 xl,
1088 2972 1132 3020 22.
1148 2976 1176 3021 et
1195 2971 1326 3022 Aaronom

303 3079 374 3131 lliat.
400 3073 464 3128 Nat.
486 3072 519 3135 V,
545 3074 596 3123 19:
629 3064 721 3138 πρώτη
748 3070 778 3120 ol
806 3070 907 3134 llyrrue
934 3063 1030 3130 ὑφᾶναι
1058 3072 1084 3121 ir
1107 3070 1159 3137 Κῷ
1187 3069 1324 3137 Παμφίλη.

303 3177 388 3230 Erant
406 3173 592 3239 bombycinum
610 3186 626 3225 e
645 3172 767 3239 lanugine
785 3172 934 3237 bombycis,
952 3187 986 3224 ex
1004 3170 1113 3224 Seribns
1132 3188 1179 3240 per
1195 3176 1325 3224 mercato-

303 3289 346 3327 res
364 3275 457 3339 allats‚
480 3276 569 3325 textae
587 3270 613 3322 in
632 3267 680 3321 bac
698 3269 791 3321 insula.
828 3269 893 3321 Loci
913 3270 1014 3321 classici
1031 3278 1091 3323 snut
1113 3286 1156 3338 ap.
1174 3270 1257 3323 Purra.
1275 3269 1325 3336 Xl,

302 3374 347 3423 2³·
365 3388 386 3425 a.
404 3377 449 3426 27.
473 3371 519 3436 Vl,
541 3374 582 3434 17,
599 3384 621 3420 s.
638 3371 683 3420 20.
718 3364 786 3419 Vide
812 3371 917 3435 praeter
935 3367 1075 3421 Herulus
1093 3366 1125 3419 ad
1151 3365 1220 3421 bunc
1237 3370 1323 3422 locum

301 3471 425 3523 Voss1urs
444 3470 485 3524 bie
510 3479 538 3524 et
561 3470 594 3523 ad
613 3468 706 3536 Virgil.
726 3468 827 3534 Georg.
848 3466 883 3531 ll,
903 3469 963 3520 121.
987 3483 1046 3541 cnm
1064 3469 1193 3522 Tuumne.
1212 3467 1321 3522 Adsero.

301 3568 324 3633 I,
345 3571 385 3619 15·
422 3567 589 3621 Notiuslmum
609 3570 686 3621 eliam
704 3574 870 3639 ropurrlrtor
888 3585 909 3620 s.
925 3570 1134 3639 ταραντινίδιον,
1152 3569 1187 3622 cl.
1206 3569 1323 3621 Lucilli.

294 3656 406 3735 'Dialem
425 3667 534 3721 Meretr.
553 3667 613 3734 Vll,
629 3672 656 3721 2.
679 3670 844 3724 Rorssousn.
863 3670 896 3722 ad
916 3672 1071 3723 Aristaenet.
1088 3686 1115 3737 p.
1133 3674 1197 3724 ⁶59.
1215 3669 1325 3723 Brun.

300 3767 350 3839 Ep.
378 3766 508 3824 Phalarid.
536 3786 562 3837 p.
587 3772 648 3823 341.
677 3771 719 3824 ed.
746 3772 820 3839 Lips.
849 3772 959 3825 uaeas.
983 3770 1017 3823 ad
1043 3769 1156 3839 Alcipbr.
1175 3770 1259 3835 12³⁶»
1280 3774 1324 3825 19.

299 3872 466 3925 Gerebantur
492 3876 579 3924 autem
607 3871 680 3924 Coae
709 3878 795 3924 vestes
823 3873 875 3924 isto
905 3877 1025 3937 tempore
1052 3887 1068 3922 s
1096 3871 1158 3923 solis
1189 3868 1324 3933 libertinis,

299 3976 390 4036 postea
409 3972 520 4023 etiamn
540 3970 665 4023 matronis
682 3966 834 4021 libidinosis.
851 3994 888 4006 -
910 3974 1051 4022 auratas
1069 3968 1324 4038 disposuitque

300 4069 389 4132 viar,
413 4068 438 4122 ll.
458 4085 481 4121 e.
500 4075 530 4121 ut
547 4067 663 4133 videtur,
687 4066 775 4131 uirgas
794 4079 902 4128 aureus,
928 4080 995 4131 quac
1015 4068 1082 4122 inter
1099 4071 1166 4122 telas
1184 4083 1326 4138 procurre-

304 4173 361 4219 rent
371 4168 547 4235 imprimisque
588 4183 661 4221 oram
687 4170 811 4220 ornarent
838 4165 981 4231 (Vossiusr
1013 4166 1190 4223 durcbuirkte
1214 4167 1252 4220 sie
1276 4165 1327 4221 mit
