3009 4725
468 404 580 469 LIBR.
602 407 626 468 l.
668 406 792 474 ELEG.
814 407 870 472 Vi.
1117 421 1177 479 137

159 582 284 638 metas,
302 578 426 632 Taureos
444 576 535 629 Germ.
551 580 585 629 11
594 585 613 630 ι’
613 576 776 645 fluitantem
793 588 892 632 vestem
908 587 935 647 et
950 583 1063 638 Vtram.
1079 585 1142 640 Aeo.
1157 587 1181 652 l,

159 686 228 737 320:
257 678 333 732 ainus
350 677 474 746 fluentes
494 675 568 729 dixit.
605 674 783 743 compositum
810 678 919 746 effluere
945 700 997 736 uno
1022 685 1180 738 Cnnuulnus

160 783 219 834 loco
237 776 382 831 detendunt
400 778 433 829 de
452 777 498 830 lV.
519 777 597 831 Cous.
617 776 727 830 Honorii
744 781 814 832 208:
850 781 937 833 Simili
955 784 1076 854 chlamys
1093 784 1181 852 effluit

95 847 106 866 ³
161 900 236 945 auro,
255 878 302 932 sed
320 878 455 932 Tibullum
473 893 507 964 ‚⁰⁰
526 893 603 930 usum
621 879 698 931 etiam
720 888 859 949 propterea
877 882 977 949 dubito,
994 886 1054 951 qnia
1075 884 1180 937 fortiore
1256 887 1260 896 '

159 981 349 1049 significatione
368 992 419 1029 nou
438 991 504 1045 opus
522 974 572 1028 hoc
591 977 657 1042 loco,
680 983 708 1028 et
727 978 805 1046 plane
822 981 919 1032 suflicit
935 982 1044 1050 simplex
1065 982 1180 1035 verbum.

159 1080 345 1133 Praetulerunt
361 1075 411 1129 hoc
428 1076 575 1141 Heraios,
599 1077 729 1144 Vomanus,
755 1080 1011 1146 Wunnrnmnmm,
1044 1082 1182 1148 Brennum

162 1179 250 1247 effluit
281 1179 422 1247 probarunt
455 1178 685 1243 monueramus,
719 1182 883 1232 Gronovrns
912 1181 1059 1236 Observatt
1086 1184 1120 1249 ll,
1146 1191 1182 1249 7.‚

161 1279 342 1344 Hnsouruus,
367 1281 548 1331 (inuasurus.
566 1308 602 1318 —
630 1286 710 1347 toga
738 1281 830 1345 laxa,
857 1282 914 1334 tusa
932 1286 1070 1351 opponitur
1086 1290 1182 1349 arctae,

164 1379 293 1445 exiguae,
320 1380 443 1444 strictae,
469 1378 619 1443 restrictae,
642 1378 675 1431 cs.
702 1381 841 1434 Vnursurs.
876 1379 941 1433 Erat
964 1396 1027 1433 vero
1051 1387 1113 1447 toga
1136 1396 1183 1434 sex

163 1478 236 1529 niues
253 1478 338 1545 euplo
357 1477 464 1531 divitum
483 1493 515 1530 ac
533 1476 740 1542 dehumatorum,
760 1477 793 1529 cs.
806 1477 916 1532 Hunno.
935 1479 1021 1547 Epod.
1040 1483 1066 1545 4,
1085 1483 1120 1545 8.,
1139 1481 1184 1532 nbi

165 1576 198 1630 ei.
218 1577 409 1645 Mrrscussr..‚
428 1584 455 1631 et
472 1579 651 1632 Baoncsuus.
670 1576 702 1629 sd
721 1578 818 1631 Tibull.
836 1578 857 1645 1,
874 1583 901 1643 9,
919 1584 963 1630 lu.
979 1606 1015 1617 -
1036 1580 1067 1631 V.
1091 1582 1123 1631 41
1144 1594 1183 1644 sq.

156 1676 336 1742 ‚Quisquis
354 1685 387 1728 et
404 1684 583 1743 occurret,
607 1679 633 1730 in
651 1679 708 1744 eia,
726 1693 769 1729 nae
786 1678 899 1745 pueliam
917 1676 1037 1729 ducente.
1075 1677 1185 1729 Confert

71 1831 86 1854 Ι
167 1775 283 1827 Vossius
300 1774 387 1828 Pleas.
404 1774 509 1829 cursui.
527 1777 562 1843 ll,
579 1780 606 1842 2,
623 1780 675 1829 sss
701 1776 860 1828 Parasitum
889 1786 968 1826 tuum
992 1776 1068 1827 video
1092 1794 1183 1828 occur·

168 1881 269 1924 rentem
289 1872 371 1924 elium
395 1891 479 1945 usque
503 1875 533 1926 iu
554 1874 652 1944 plulea
670 1873 778 1925 ultimo.
796 1901 829 1912 -
856 1888 895 1928 ue
922 1875 1033 1942 possit
1057 1876 1184 1927 crimen

168 1972 316 2040 hebere,
340 1990 373 2027 ne
396 1977 478 2043 possit
495 1992 605 2045 peccare
624 1976 698 2027 Delie
716 1980 781 2027 nutu
806 1974 902 2027 furtiuo
927 1976 1036 2042 aliisque
1059 1976 1185 2029 similibus

165 2073 248 2142 signis
273 2081 301 2127 et
325 2075 456 2143 nequitiis.
473 2103 509 2114 —
537 2076 631 2128 Ultima
655 2090 716 2144 pars
741 2075 908 2142 pentametri:
935 2080 994 2126 sat
1019 2075 1086 2126 alia
1113 2080 1185 2125 stet

166 2177 287 2243 procul
313 2183 394 2228 ante
420 2176 488 2241 via,
516 2177 629 2242 genuina
655 2189 705 2226 non
737 2180 777 2226 est
801 2180 831 2226 nt
854 2180 940 2243 patet,
966 2173 1012 2227 sed
1034 2173 1186 2260 interpolata

169 2276 271 2344 inepte,
296 2291 354 2329 cum
372 2291 434 2329 vcra
452 2277 531 2329 verba
550 2275 714 2329 excidissent.

239 2377 272 2427 V.
301 2379 422 2429 ts-su
454 2378 539 2429 Psrs
566 2377 681 2428 sitera
708 2375 812 2429 medii
841 2377 1011 2430 carminis.
1059 2378 1188 2431 Poena-

169 2486 240 2523 rum
269 2471 466 2526 divinarum
491 2481 626 2527 terrore
655 2491 870 2528 commovere
898 2478 1043 2529 animum
1069 2478 1189 2531 Deliae

170 2569 304 2633 studet,
328 2571 544 2639 interposita
569 2579 680 2628 tamen
700 2575 803 2627 etiam
822 2575 956 2627 leniore
975 2575 1188 2630 hortatione.

170 2671 210 2723 Ac
229 2671 339 2738 puerum
357 2673 462 2724 oraculo
479 2676 622 2727 sacerdotis
639 2677 765 2729 Bellonae
785 2683 867 2728 terret
890 2678 1094 2743 superstitiosam
1113 2682 1190 2747 puel·

169 2771 237 2835 tam,
264 2778 489 2839 precaturunen
508 2774 609 2842 siquid
628 2777 764 2841 admittat,
789 2781 817 2827 ul
838 2788 870 2827 ne
895 2774 971 2826 nimis
996 2775 1082 2840 grauis
1104 2793 1188 2842 poena

167 2871 217 2938 sit,
243 2873 308 2924 iram
331 2880 438 2941 propter
462 2881 570 2928 matrem
597 2879 747 2941 remittens,
776 2884 803 2929 et
826 2876 939 2928 savorem
964 2879 1065 2925 amatae
1091 2880 1188 2939 captat,

169 2974 247 3026 etiarn
266 2974 315 3027 sibi
333 2964 501 3044 durasiegcs
529 2978 678 3046 imponens,
702 2980 794 3032 ultimo
820 2995 882 3031 vero
907 2979 965 3029 loco
989 2978 1011 3028 si
1031 2972 1191 3026 nihilominus

171 3089 282 3142 peccare
306 3083 415 3145 pergat,
442 3078 555 3131 ostendit
573 3086 654 3148 pocta
678 3082 847 3134 miserrimam
866 3080 890 3132 ei
908 3081 934 3131 in
953 3080 1087 3131 senectute
1105 3074 1190 3126 fortu-

174 3189 233 3227 nam
251 3178 362 3246 instare,
381 3195 432 3246 qua
449 3180 541 3233 infidas
560 3182 649 3234 Venus
668 3184 752 3235 soleat
771 3183 870 3251 punire.

244 3275 276 3328 V.
297 3280 332 3328 4³
351 3294 389 3345 sq.
423 3281 500 3347 ipse
526 3279 618 3333 deus.
656 3281 787 3333 Hormus
812 3281 895 3349 ipsum
921 3292 1014 3331 numen
1032 3273 1145 3325 diuinum
1165 3272 1190 3324 in

171 3389 271 3440 genere
286 3376 415 3443 iutelligit,
434 3378 481 3430 aed
499 3394 558 3431 cuna
576 3379 609 3431 ad
627 3379 768 3432 sacerdotis
786 3379 865 3432 verba
881 3381 1005 3447 provocet
1023 3379 1110 3443 poeta,
1128 3370 1192 3426 haec

170 3478 256 3528 ruteni
277 3491 299 3529 v·
319 3479 364 3529 51.
383 3478 466 3532 dieat:
490 3479 596 3548 parcite
621 3498 702 3550 quum
729 3478 847 3530 custodit
866 3479 967 3532 Amor,
997 3472 1098 3525 violare
1114 3470 1193 3541 puel-

171 3572 241 3631 lum,
268 3592 319 3630 nou
337 3577 483 3641 dubitamus
501 3595 561 3633 cuns
578 3579 636 3631 aliis
657 3581 779 3631 Amorem
804 3577 881 3629 etiam
902 3573 942 3626 iric
960 3575 1121 3640 intelligere,
1146 3574 1191 3640 qari

171 3677 297 3729 maxinnus
323 3682 461 3734 amantium
486 3681 551 3734 deus
576 3687 617 3734 cst
639 3687 667 3732 et
690 3696 769 3748 saepe
794 3673 853 3729 κατ’
868 3673 959 3747 ἐξοχήν
981 3679 1015 3730 ab
1039 3676 1079 3729 iris
1107 3676 1194 3744 poetis

173 3771 239 3826 deus
258 3781 411 3846 appelletur,
427 3789 457 3834 ut
471 3783 492 3848 1,
512 3786 540 3849 2,
558 3787 601 3835 90.
622 3787 649 3847 5,
667 3786 711 3834 20·
729 3786 756 3846 8,
774 3787 791 3832 1
810 3788 837 3833 et
853 3785 898 3833 56.
918 3784 945 3846 9,
965 3784 1054 3835 72-
1073 3792 1191 3841 magna

172 3876 349 3931 sacerdos.
398 3880 507 3933 Constat
532 3882 623 3935 aedem
654 3881 779 3933 Bellonae
810 3879 843 3931 ab
872 3878 957 3945 Appio
986 3875 1096 3927 Claudio
1124 3874 1194 3927 bello

174 3971 287 4028 Etnrsco
305 3983 407 4044 aotam,
436 3986 491 4034 turn
508 3987 669 4034 exsmuatam
686 3994 744 4032 esse
765 3979 921 4031 adciscunt
940 3974 1095 4027 Flaminiam
1121 3978 1195 4024 extra

174 4074 280 4141 urbem,
299 4076 334 4130 ci.
352 4078 414 4132 Las.
432 4080 467 4146 X,
490 4085 536 4145 19,
560 4087 588 4133 et
604 4079 801 4148 inscriptionem
822 4076 914 4144 lapidis
932 4072 1001 4142 apud
1019 4071 1144 4124 Nasson·
1162 4071 1194 4122 ad

172 4174 249 4228 ovid.
267 4175 338 4230 sest.
360 4177 405 4244 Vl,
422 4183 486 4234 sut.
523 4180 575 4232 Hic
592 4194 655 4232 vcro
669 4177 817 4249 sunericus
838 4177 923 4230 cuitus
942 4175 1009 4228 inter
1026 4172 1111 4226 civilia
1129 4173 1197 4226 bellu
