3009 4725
376 1236 676 1316 mmnmco
725 1234 972 1316 moossslo

655 1479 705 1519 m

189 1654 481 1733 fflmnmoo
510 1649 826 1728 THEOPHILO
857 1655 1160 1732 wnmttnlto

300 1873 402 1928 omis
433 1871 753 1926 comonornmms
784 1871 1059 1928 connommms

403 2055 679 2128 LUDOLPHUS
715 2057 960 2126 olssttmos

654 2256 691 2324 S.

161 2534 308 2648 Albium
329 2585 498 2649 Tibullum
519 2582 627 2665 edens,
648 2581 736 2670 quod
758 2584 859 2649 Vobis
880 2596 953 2650 anto
977 2606 1084 2652 omnes
1098 2588 1188 2651 mitto

162 2755 240 2819 opos
261 2757 372 2799 meum
386 2747 417 2798 et
428 2735 533 2799 Vobis
551 2733 706 2815 imprimis
722 2733 757 2796 id
775 2749 989 2802 consecratum
1007 2742 1096 2820 volo,
1115 2740 1189 2803 Viri

162 2878 291 2961 egregii,
308 2900 372 2943 non
392 2880 595 2960 mirabimini,
615 2880 671 2965 qui
691 2892 722 2943 ot
744 2878 920 2961 cognitione
938 2882 1088 2962 singulari
1110 2852 1189 2968 Isos·

160 3041 228 3087 soos
257 3026 405 3108 antiquae
424 3024 567 3107 polletis,
600 3035 631 3087 ot
652 3023 730 3086 mihi
749 3024 890 3088 faventes
913 3021 1049 3084 maximo
1070 3022 1190 3086 dudum

158 3163 231 3229 iure
256 3156 443 3254 ἅπίδωρον
460 3180 642 3251 exspectare
665 3168 816 3252 poteratis
833 3189 892 3252 pro
906 3166 1028 3231 Vestris
1048 3167 1189 3231 munori-

157 3307 224 3369 bus
257 3308 427 3389 praeclaris
461 3307 711 3373 retribuendum.
770 3312 815 3371 Ac
847 3311 1048 3373 vehementer
1077 3312 1188 3391 laetor,

160 3446 254 3529 qnod
275 3470 362 3511 nuno
390 3449 518 3513 tandem
546 3449 652 3513 officio
677 3448 855 3513 satisfacere
876 3472 1005 3535 possum
1027 3451 1189 3515 iucundis·

158 3589 254 3653 simo.
304 3591 389 3655 Nam
413 3593 448 3655 in
474 3604 522 3656 tot
550 3592 642 3656 malis
672 3592 860 3658 valetudinis
887 3595 1032 3678 iniquas,
1072 3596 1189 3678 quibus

160 3736 343 3817 conflictor,
371 3739 522 3802 amicitias
545 3752 576 3802 st
596 3739 822 3803 familiaritates
847 3738 990 3803 virorum
1010 3737 1189 3819 praeclaro-

164 3897 249 3958 rum,
268 3882 383 3964 qnibus
403 3893 490 3961 ntor,
509 3900 636 3964 semper
649 3903 711 3965 pro
731 3902 844 3962 magno
869 3893 901 3943 et
922 3878 1037 3958 insigni
1058 3900 1189 3942 munere

161 4021 263 4087 habui
281 4027 420 4109 propitio
442 4027 572 4091 numine
594 4029 673 4093 mihi
691 4030 830 4110 tributo;
864 4048 921 4089 nec
942 4025 1118 4106 disiungere
1138 4047 1190 4089 so·

165 4166 214 4229 loo
232 4170 292 4234 hos
323 4192 476 4237 sentosa
504 4171 615 4240 studiis
643 4177 738 4258 meis,
770 4172 825 4239 sed
854 4171 987 4256 probari
1013 4172 1106 4255 cupio
1133 4172 1191 4232 ubi

869 4305 930 4360 ³2
