3009 4725
338 453 384 493 xx
757 425 813 489 DE
838 426 939 490 wls

339 606 419 669 bulli
441 622 531 666 amor
555 600 657 664 maior
681 609 749 660 erat
774 619 871 682 quam
896 609 930 660 nt
956 596 1150 680 desperaret,
1166 619 1240 680 ,nee
1266 601 1358 662 Delia

339 723 433 804 plane
458 716 589 780 desierat
612 714 718 778 favere
747 727 870 794 poetae.
917 712 997 778 Caun
1023 714 1117 795 igitur
1141 717 1200 777 snb
1223 714 1358 777 hiemem

340 834 457 899 rediret
477 832 609 893 Romam
630 831 775 892 Tibullus
795 829 890 909 bure,
921 828 1068 893 credibile
1095 841 1141 892 est
1163 830 1356 891 continuatas

340 969 463 1033 preces3
484 966 555 1008 nam
572 943 643 1007 tulit
661 942 777 1005 iterum
798 942 951 1024 promissa
972 943 1099 1007 favoris.
1140 944 1274 1005 Aecum
1294 942 1358 1021 pri·

340 1083 426 1126 mum
447 1079 530 1122 nova
552 1059 660 1120 lindna
681 1068 855 1119 tentaturus
876 1067 969 1133 esset,
1001 1057 1094 1121 Delia
1116 1076 1193 1121 vero
1217 1052 1359 1118 nondum

340 1196 416 1239 ausa
436 1174 544 1235 fallere
566 1167 708 1231 custodes
727 1170 846 1231 frustra
866 1182 1108 1252 exspectaretur,
1128 1172 1242 1253 scripta
1263 1172 1358 1249 elegia

341 1292 366 1369 1,
387 1296 426 1364 2.,
450 1283 538 1369 quod
557 1284 673 1346 sactum
693 1286 836 1364 suspicor
855 1284 959 1346 hieme
979 1290 1136 1347 725-726.
1176 1284 1216 1345 ci.
1238 1281 1358 1344 Introd.

341 1404 381 1469 ad
400 1406 486 1468 illam
507 1399 645 1482 elegiam.
688 1400 866 1464 Gerebatur
889 1402 939 1463 his
963 1403 1156 1484 temporibus
1183 1402 1300 1462 bellum
1323 1399 1357 1460 in

340 1518 447 1582 Cilicia
468 1517 508 1580 ci.
530 1537 560 1579 v.
581 1520 633 1577 69.
660 1516 719 1576 suh
746 1515 890 1598 auspiciis
915 1501 1085 1593 Messalae,
1117 1517 1173 1597 qui
1198 1511 1358 1578 Orientem

341 1633 556 1714 componebat.
609 1628 752 1690 Tibullus
781 1649 858 1692 reru
888 1628 947 1690 ista
977 1639 1068 1689 nocte
1097 1627 1265 1689 frustratus
1294 1648 1358 1708 spe,

340 1767 416 1811 mox
436 1747 503 1808 aliis
523 1742 668 1805 noctibus
685 1739 836 1804 admissus
855 1752 901 1803 est
920 1753 950 1801 et
968 1740 1086 1802 labitur
1105 1761 1180 1822 pars
1198 1739 1274 1801 anni
1286 1746 1358 1804 726.

309 1911 315 1922 .
339 1859 417 1922 felix
438 1858 562 1937 amanti,
583 1853 682 1919 donec
702 1856 817 1936 puella,
838 1875 901 1937 qua
925 1865 993 1916 erat
1012 1855 1148 1933 leuitate,
1168 1874 1253 1918 novo
1273 1874 1359 1915 ama·

339 1976 401 2039 tori
422 1974 543 2058 copiam
565 1973 614 2036 sui
635 1971 732 2035 daret.
774 1973 857 2034 Tum
876 1972 993 2053 scripta
1014 1971 1110 2051 elegia
1130 1971 1155 2046 1,
1177 1977 1206 2031 6.
1226 1989 1282 2048 1ιοο
1307 1966 1357 2026 iu·

341 2088 422 2167 dice,
455 2090 563 2154 ultima
590 2088 625 2149 in
649 2088 710 2150 hoc
736 2107 856 2160 amore,
885 2098 979 2163 poeta
1000 2092 1184 2160 congerente
1203 2078 1358 2162 quidquid

340 2224 465 2269 severae
482 2199 671 2265 hortationis
690 2210 809 2259 restare
831 2195 990 2257 videretur
1010 2192 1051 2255 ad
1072 2205 1211 2255 extrema
1231 2192 1356 2256 redacto

339 2314 463 2376 antemi
506 2310 569 2374 Sed
592 2328 656 2372 non
682 2310 816 2371 multum
840 2306 977 2412 effecisse
1001 2304 1135 2374 videtur.
1179 2306 1271 2371 Certe
1292 2310 1357 2371 De·

338 2430 382 2492 lia
405 2440 474 2511 post
494 2427 577 2488 baec
604 2423 713 2487 relicta
742 2436 797 2486 est.
840 2425 943 2506 Atque
971 2427 1049 2487 haec
1075 2445 1144 2487 mea
1171 2437 1218 2487 est
1243 2423 1281 2487 de
1304 2445 1358 2486 or·

340 2541 412 2604 dine
431 2541 545 2601 harum
566 2537 735 2617 elegiarum
760 2538 930 2617 sententia,
960 2540 1218 2622 quampluribus
1238 2539 1358 2601 firmavi

338 2657 371 2717 in
393 2649 680 2715 Introductionibus
702 2649 741 2713 ad
764 2651 885 2729 singula
905 2652 1053 2715 carmina.
1095 2649 1256 2727 Quaedam
1275 2663 1357 2711 recte

338 2766 417 2832 vidit
440 2764 624 2840 Passovius,
655 2763 709 2827 sed
734 2764 846 2845 elegias
871 2767 896 2843 Ι,
917 2773 948 2830 2.
973 2774 1003 2829 5.
1027 2773 1058 2828 6.
1086 2769 1167 2829 male
1192 2763 1357 2828 ordinavit.

338 2881 432 2944 Nunc
452 2898 549 2961 pergo
572 2876 612 2941 ad
632 2880 804 2964 sequentia.
846 2880 929 2939 Ann.
953 2886 1024 2940 727.
1049 2878 1186 2939 Messala
1204 2876 1297 2939 rediit
1318 2897 1359 2938 ex

339 2995 469 3063 Oriente
487 3008 518 3059 et
536 2994 567 3059 d.
582 2997 703 3059 XXIV.
718 2996 804 3078 Sept.
820 2993 859 3056 de
874 2992 1039 3075 Aquitanis
1053 2991 1269 3071 triumphatum
1291 3012 1358 3054 nun

341 3112 394 3179 diu
416 3128 488 3197 post
508 3096 705 3176 dies'naults
725 3112 792 3173 eius
812 3089 958 3169 iicidisss
977 3103 1114 3183 videtur,
1132 3124 1227 3189 quem
1246 3106 1357 3168 Tibul·

339 3233 390 3294 lus
407 3230 503 3311 elegia
518 3227 648 3309 septima
663 3221 840 3285 celebravit.
884 3218 975 3281 Circa
989 3222 1067 3284 haec
1083 3233 1223 3300 tempora
1242 3222 1358 3303 scripta

340 3346 433 3408 etiam
454 3341 599 3409 videutur
619 3336 756 3403 carmina
776 3337 811 3397 in
831 3335 1021 3398 Marathum.
1063 3335 1229 3400 Passovius
1251 3358 1289 3398 ea
1306 3358 1357 3398 ce-

339 3461 414 3522 teris
445 3459 552 3541 priora
581 3451 695 3526 statuit,
728 3447 815 3532 quod
848 3469 912 3512 non
944 3449 1038 3513 credo
1069 3471 1192 3515 verum.
1245 3450 1357 3535 Neque
1410 3430 1414 3436 ἐ

342 3574 425 3635 enim
460 3590 540 3650 puer
566 3564 717 3627 amaverit
747 3584 882 3646 puerum
912 3578 966 3629 aut
996 3565 1147 3647 fingendis
1181 3567 1359 3633 huiuamodi

342 3681 500 3748 amoribus
522 3688 611 3760 aptus
636 3677 745 3755 fuerit,
776 3678 831 3741 sed
854 3680 960 3761 potius
986 3693 1058 3763 post
1083 3682 1194 3745 Deliae
1218 3702 1358 3746 amorem

343 3816 414 3859 aum
442 3802 565 3855 vacaret
591 3791 774 3855 melioribus
800 3794 942 3857 sensibus
970 3815 1029 3857 nec
1055 3797 1192 3877 puellam
1219 3798 1358 3875 haberet,

343 3906 384 3970 ad
402 3909 462 3970 hos
481 3904 611 3968 frivolos
633 3907 720 3970 lusus
741 3904 862 3969 delatus
884 3920 944 3987 est,
962 3920 994 3971 et
1011 3921 1174 3990 praecepta
1187 3909 1262 3969 artis
1277 3907 1358 3970 didi·

342 4022 399 4098 cit,
427 4040 447 4081 a
476 4039 539 4102 qua
564 4020 640 4083 olim
667 4019 788 4083 alienus
819 4034 894 4087 erat.
938 4021 1093 4086 Convenit
1120 4020 1205 4083 nitor
1228 4021 1357 4100 insignis

341 4138 456 4200 borum
479 4132 661 4201 carminum.
711 4133 794 4196 Ann.
822 4142 893 4196 728.
922 4132 973 4197 edi
997 4132 1100 4215 potuit
1124 4133 1204 4194 liber
1228 4134 1357 4214 primus.

343 4251 445 4333 Atque
464 4250 542 4314 haee
566 4247 691 4338 quidem
713 4246 752 4310 de
774 4249 832 4310 his.
