3009 4725
297 391 358 446 100
417 378 631 448 COLLATlO
659 379 875 445 EDlTlONlS
903 381 1197 445 PlNELLIANAE.

296 578 313 615 a
335 553 514 618 doctissimo
536 552 690 614 Baunmro
719 555 856 631 oblatas,
887 540 975 617 cuius
1001 554 1110 616 merita
1135 553 1257 632 egregia
1278 551 1316 614 de

295 669 423 731 historia
444 667 593 729 litteraria
617 667 737 732 Tibulli
764 681 882 729 norunt
908 666 992 731 docti
1015 688 1055 730 ex
1077 666 1231 727 Huscunu
1252 663 1317 727 cdi·

294 783 378 843 tionc
404 795 433 842 et
455 779 677 842 Surrusnenro
701 793 820 842 nostru.
863 780 944 842 Nam
968 781 1060 840 huius
1081 779 1234 859 praeclari
1256 777 1317 841 viri

293 914 369 953 cura
397 889 564 976 studioque
594 893 709 953 exitnio
739 890 915 975 disquisitio
943 890 980 952 cle
1009 889 1199 952 editionibus
1227 889 1316 971 prin-

294 1006 415 1087 cipibus
436 1005 556 1069 Tibulli
577 1004 616 1066 ad
637 1004 793 1090 liquidum
814 1004 964 1088 perducta
985 1016 1032 1066 est
1053 1017 1147 1087 atque
1168 1005 1316 1086 perlecta.

294 1119 356 1181 Sed
384 1140 477 1200 pergo
502 1141 631 1181 narrare
659 1134 771 1182 cetera.
814 1119 999 1200 Exemplum
1024 1119 1149 1180 Prurnnr
1178 1132 1316 1201 emptum

293 1256 365 1294 ann.
393 1239 484 1295 1789.
512 1254 581 1295 cum
610 1235 718 1295 ceteris
752 1234 844 1293 liuius
872 1231 932 1294 viri
964 1232 1053 1294 libris
1077 1246 1107 1295 et
1136 1235 1167 1295 in
1191 1234 1316 1294 Britan·

294 1347 376 1405 niam
402 1347 585 1406 translatum
614 1367 695 1407 utruc
722 1367 794 1425 pars
822 1357 868 1406 est
889 1343 1121 1407 Srsnznnmuns
1147 1345 1315 1407 bibliothe-

293 1479 363 1534 cae3
390 1456 443 1518 sed
467 1457 551 1519 aliud
575 1457 713 1518 eiusdem
735 1456 881 1519 editionis
903 1460 1081 1539 exemplum
1103 1460 1144 1519 V.
1164 1457 1207 1518 D.
1228 1458 1314 1518 Ban-

292 1592 390 1631 unuus
421 1593 521 1652 nuper
547 1584 662 1632 emerat
689 1569 813 1651 publice
842 1592 941 1632 mens.
964 1570 1050 1652 Sept.
1080 1593 1153 1632 eun.
1178 1572 1271 1631 1834.
1297 1591 1315 1628 a

293 1685 418 1746 libraria
448 1684 650 1745 Metzleriana
672 1682 868 1763 Stutgardiae
894 1705 966 1746 cum
996 1684 1064 1745 aliis
1089 1684 1179 1745 libris
1204 1681 1314 1748 uendi·

293 1812 375 1874 tum,
406 1796 500 1879 idque
532 1797 666 1858 excussit
700 1795 874 1878 diligenter.
932 1798 1035 1881 Atque
1065 1799 1146 1860 hanc
1175 1797 1315 1861 collatio·

293 1933 364 1972 nem
392 1931 475 1972 nunc
505 1911 770 1974 communicamus
801 1934 871 1974 cum
900 1914 1033 1988 lectore,
1073 1924 1108 1973 ut
1136 1912 1198 1972 iant
1228 1911 1315 1971 nulla

290 2024 460 2086 editionum
485 2037 635 2106 quattuor
655 2027 832 2107 principum
856 2038 951 2087 restet
971 2025 1136 2103 incognita.
1178 2023 1313 2102 Impres-

290 2160 343 2200 sus
372 2151 438 2199 erat
466 2137 586 2202 Tomus
614 2140 734 2218 primus
764 2151 794 2198 et
824 2138 959 2197 maxima
987 2157 1061 2215 pars
1091 2133 1219 2198 secundi
1246 2133 1312 2197 edi·

290 2251 385 2312 tionis
409 2262 550 2322 nostrae,
578 2268 646 2307 cum
669 2268 705 2308 ea
726 2246 766 2307 ad
786 2269 843 2309 nos
866 2245 1057 2321 deferretur,
1088 2245 1170 2308 unde
1194 2247 1229 2307 in
1249 2245 1312 2309 fine

291 2365 385 2427 huius
406 2362 498 2423 Tomi
522 2360 659 2420 subiecta
683 2374 738 2421 est.
779 2359 1004 2441 Apographum
1029 2382 1124 2444 quam
1146 2361 1313 2424 accuratis·

291 2481 366 2539 sime
388 2498 406 2535 a
427 2475 580 2535 Bnnnrmo
605 2474 720 2535 lactum
741 2485 788 2534 est
809 2470 947 2536 adhibita
967 2474 1089 2557 Annum
1111 2496 1186 2536 ann.
1209 2480 1313 2552 1502„

290 2609 361 2650 cum
386 2587 566 2648 {tuscanus
592 2586 684 2649 etiam
711 2589 933 2648 Baitoliniouam
962 2607 1033 2648 cum
1055 2590 1113 2650 hac
1136 2587 1312 2651 exhibuerit

291 2704 445 2767 collatam.
496 2698 725 2782 Adscripsimus
748 2701 843 2779 igitur
863 2720 973 2762 versus
995 2712 1026 2761 et
1045 2703 1143 2763 verba
1163 2701 1312 2775 Annum,

291 2818 406 2900 quibus
428 2835 507 2896 opus
533 2828 618 2890 erat,
649 2811 913 2895 quemadmodum
933 2813 1128 2891 Hoscmuus,
1160 2827 1194 2875 ut
1215 2815 1313 2875 lector

291 2931 368 2991 nibil
385 2927 573 2990 desideraret
587 2925 627 2986 ad
643 2926 918 3007 comparationem.
958 2927 1202 2990 Prasmonemus
1215 2946 1313 3009 porro

290 3044 366 3105 haec
388 3043 420 3102 iu
444 3024 624 3102 universum
650 3037 688 3100 de
710 3040 883 3100 Piuellioua:
913 3039 1036 3118 Elegiae
1063 3060 1129 3101 non
1152 3037 1312 3100 distinctae

291 3168 363 3215 sunt
397 3155 535 3215 numeris
564 3154 597 3211 iu
625 3152 682 3211 hac
712 3150 857 3213 editione.
909 3153 1001 3214 Initio
1032 3154 1200 3232 elegiarum
1227 3152 1313 3212 abest

289 3269 392 3350 prima
414 3269 526 3329 littera.
570 3265 730 3346 Scriptura
750 3263 844 3325 valde
865 3264 1031 3345 mendosa3
1053 3287 1087 3326 ac
1107 3267 1206 3325 tribus
1225 3264 1312 3345 prio·

290 3384 378 3469 ribus
414 3381 518 3461 elegiis
555 3380 631 3442 vitia
668 3381 774 3440 omnia
808 3391 915 3440 notata
949 3392 1022 3440 sunt
1054 3380 1087 3439 iu
1120 3378 1310 3458 apographo,

290 3507 400 3575 postea
423 3514 500 3556 vero
523 3494 657 3555 maxima
684 3493 806 3556 omissa.
857 3490 961 3555 Editio
982 3512 1046 3554 non
1067 3490 1161 3549 habet
1181 3506 1311 3563 comma,

291 3605 347 3667 sed
368 3618 529 3686 punctum,
554 3607 645 3668 colon
666 3602 714 3689 (z),
735 3619 765 3667 et
780 3604 1029 3683 interrogationis
1046 3600 1177 3677 signum.
1218 3598 1312 3679 Legi-

290 3733 344 3782 tur
364 3737 487 3799 semper
506 3731 658 3801 temptore,
679 3718 827 3800 fhelt'ccm,
850 3718 979 3790 triscolo,
1006 3734 1125 3789 scaevo,
1153 3736 1253 3791 neers,
1283 3728 1313 3775 et

291 3854 373 3916 quae
395 3843 468 3892 sunt
487 3834 557 3894 alia.
599 3831 712 3913 Neque
729 3844 834 3893 tamen
851 3829 911 3891 sibi
930 3841 1050 3891 constat
1067 3827 1186 3910 ubique
1205 3829 1313 3889 ortho-

290 3946 419 4029 graphia
447 3946 479 4005 in
501 3945 647 4007 omnibus
670 3945 791 4020 verbis,
819 3945 862 4006 sic
888 3942 1073 4025 plerumque
1099 3944 1231 4023 lacrymis
1257 3953 1314 4001 etc.

289 4063 418 4141 legitur,
449 4060 542 4118 semel
567 4059 709 4131 lacrimis,
739 4070 768 4116 et
791 4077 901 4137 saepe,
929 4077 994 4118 non
1016 4073 1154 4133 semper,
1185 4053 1315 4133 ponitur
