3009 4725
488 416 598 479 LiBii.
619 417 644 479 i.
686 415 806 484 ELEG.
829 420 898 482 Vll.
1144 433 1202 488 163

184 596 288 651 omniuo
305 593 368 646 ielse
390 593 437 656 sit,
461 597 546 644 temen
564 606 631 657 quae
650 592 736 645 stetim
754 595 870 661 seqnitur
887 594 1011 649 allocutio
1029 597 1106 652 Genii
1123 615 1199 668 sepa·

182 699 276 752 retlore
303 694 418 748 membre
445 693 568 746 cretionis
597 694 724 760 postulet,
753 709 786 748 ne
812 695 926 764 rapidior
947 698 1071 752 transitus
1096 700 1146 766 sit,
1174 710 1200 752 et

181 797 295 866 postulet
320 812 370 848 nou
399 809 526 846 annexam
553 793 766 846 antecedentibus
788 797 958 862 sententiam,
985 798 1031 851 sed
1057 798 1199 864 fortiorem,

180 910 323 949 nevaeum
342 895 366 946 vi
385 883 559 980 surgentemp
577 893 647 960 quod
665 895 748 947 eiecta
766 896 859 964 copule
879 899 1077 966 consequimur,
1101 905 1132 953 ut
1149 916 1200 969 op-

180 994 274 1062 positio
290 993 414 1046 exsistets
439 990 517 1043 iliius
533 1008 594 1043 vero
610 998 661 1044 etc.
680 1018 715 1032 -
747 990 791 1044 Et
808 996 921 1062 eapite
940 1003 974 1049 et
992 998 1093 1051 coilo.
1131 998 1200 1052 Nam

181 1092 207 1143 iu
224 1089 377 1144 lentioribus
394 1088 598 1155 lectionibusque
615 1088 740 1141 conviviis
758 1103 809 1142 uon
827 1093 910 1145 sotum
934 1097 1033 1162 cepite,
1057 1096 1103 1150 sed
1122 1099 1199 1151 etiem

181 1191 249 1244 coilo
268 1206 378 1244 coronas
401 1190 541 1257 gerebant,
569 1203 636 1254 quae
656 1181 839 1248 ὑποθυμιάδες
857 1194 898 1243 vel
917 1186 1079 1254 rinodnntdse
1097 1197 1199 1250 Graece

181 1289 347 1342 ooeeheatur.
391 1287 458 1341 Vide
488 1302 556 1353 quae
587 1286 665 1339 docte
697 1290 819 1355 esposuit
850 1289 1017 1345 Benacum
1050 1295 1076 1346 ia
1102 1295 1200 1349 Sabine

180 1390 256 1445 Tem.
274 1391 295 1444 Ι.
321 1408 346 1459 p.
363 1393 426 1444 eto.
446 1415 483 1430 -
509 1388 644 1450 mollia,
668 1401 719 1440 nou
737 1388 813 1440 otiari
831 1388 904 1442 vides
920 1387 968 1444 hoc
987 1390 1119 1461 epitheton
1137 1394 1200 1448 iicet

182 1500 306 1547 enatura
323 1498 450 1546 seriorum
468 1492 597 1561 petitum,
618 1487 665 1542 sed
683 1487 807 1557 prodesse
826 1492 901 1544 simui
921 1494 1034 1548 suaviter
1051 1495 1101 1565 ipsi
1119 1497 1201 1552 iaeta-

181 1605 238 1643 rum
263 1606 348 1644 rerum
370 1590 549 1660 descriptioni.
585 1588 776 1654 cont.ed11,
800 1593 925 1656 m-
961 1594 994 1647 V.
1012 1599 1048 1648 ⁶³
1065 1611 1105 1664 sq.
1141 1597 1201 1651 Sic

183 1690 300 1743 venies
323 1688 487 1746 hodierne
512 1690 537 1744 h.
557 1707 580 1745 e.
607 1688 693 1747 hodie.
730 1671 897 1744 eomtmctto
922 1694 1070 1761 notissime,
1097 1704 1127 1751 ut
1146 1699 1200 1753 So·

182 1804 280 1844 uacca.
298 1788 408 1845 Philoct.
426 1796 488 1845 llil.
524 1790 593 1845 Vide
611 1791 709 1844 Senon..
736 1788 1098 1859 edEnrip.·Troed.1229.
1133 1796 1199 1848 wu-

182 1906 322 1945 sanusne.
340 1891 373 1943 ed
392 1887 523 1945 Theocrii.
540 1889 628 1956 xvii,
646 1894 689 1945 ed.
717 1890 832 1945 Serere.
850 1890 883 1943 ad
901 1908 979 1964 (prm.
998 1894 1085 1964 Priep.
1104 1910 1142 1949 ar.
1154 1901 1199 1950 ea.

181 1990 285 2046 Antinoi
306 1991 352 2044 let·
375 1989 410 2043 Τ.
427 1989 462 2043 tl.
491 2007 517 2058 p.
534 1992 598 2042 hdo.
634 1988 797 2042 Hernuonr.
816 1987 850 2041 ed
873 1988 964 2044 Horat
984 1992 1198 2059 Sst11‚e‚ao.

181 2093 307 2149 liusena.
332 2090 365 2145 ed
392 2089 460 2144 hunc
483 2089 582 2143 Tibulli
609 2089 711 2154 iocum,
741 2095 770 2140 et
796 2087 977 2142 Britannorum
1001 2089 1073 2143 bier.
1097 2092 1198 2145 clessie.

180 2192 241 2247 Vei·
258 2192 332 2257 XVI,
352 2208 379 2260 p·
395 2194 460 2245 863.
498 2188 577 2242 Erret
601 2190 681 2257 igitur
706 2189 822 2243 Voesrus
850 2188 1002 2243 hodiernum
1027 2192 1200 2261 interpretans

179 2291 315 2344 tutelarem
335 2289 412 2343 deum
436 2286 553 2342 hodierni
577 2287 638 2340 diei.
675 2287 799 2341 (letarum
818 2289 885 2342 mele
907 2305 923 2343 e
949 2289 1147 2345 Baoucrausro
1171 2297 1200 2345 et

180 2390 294 2445 ilerum
311 2390 400 2442 Osirin
418 2390 527 2457 intelllgi
546 2387 596 2443 boa
613 2404 705 2456 versu,
732 2390 776 2444 ubi
798 2390 832 2444 de
853 2392 939 2445 Genio
956 2393 1060 2459 egitur,
1084 2408 1128 2447 res
1142 2393 1201 2463 ipse

180 2493 268 2547 docet·
302 2492 427 2545 iaeitetur
448 2491 514 2544 deus
538 2504 572 2545 ex
597 2508 670 2546 more
694 2490 727 2545 ed
746 2509 822 2546 sacre
838 2508 885 2545 sue
903 2499 933 2545 ut
951 2493 985 2559 ii,
1002 2497 1030 2560 2,
1046 2498 1064 2548 b
1080 2510 1138 2563 sqq.
1154 2492 1200 2547 ubi

180 2590 307 2644 simillime
328 2590 413 2643 omnia
431 2589 540 2642 videbis.
558 2616 594 2630 -
619 2590 688 2644 tibi
714 2590 787 2643 dem
806 2594 856 2642 etc.
880 2590 959 2642 etiem
978 2590 1044 2643 turis
1061 2588 1201 2645 bonoribus

181 2696 211 2745 et
227 2689 294 2759 depe
313 2688 427 2757 legitime
445 2703 495 2741 uon
514 2687 623 2742 eerebis.
658 2690 743 2742 Poeta
771 2689 880 2741 interest
902 2687 984 2740 secris
1006 2687 1076 2756 apud
1098 2692 1200 2745 Messe-

177 2790 229 2843 iem
248 2794 276 2842 et
292 2790 348 2857 ipse
367 2786 434 2840 leret
449 2789 499 2840 ieta
520 2787 606 2839 Genio
623 2789 708 2841 emici·
744 2787 931 2839 Coniuaciirus
949 2783 1007 2836 dem
1025 2792 1053 2837 et
1077 2803 1138 2842 mox
1150 2790 1200 2860 se·

177 2902 236 2940 rum
252 2888 359 2958 respicit
375 2886 532 2941 antecedens
549 2886 651 2939 oenias.
694 2886 817 2940 Ceterum
837 2885 916 2939 dere
935 2893 990 2938 tus
1006 2885 1128 2939 solemnis
1145 2887 1199 2941 ior·

133 3006 140 3020 ·
177 2987 255 3054 mule,
273 2993 421 3052 othotam,
439 2985 605 3051 ct.1‚e,ro.
623 2985 748 3051 illm.
768 2983 1050 3048 Paoraaa.1V,d‚h·
1087 2984 1200 3038 Omnino

178 3084 244 3137 dese
261 3086 403 3153 legitimum
421 3088 446 3138 in
463 3087 561 3151 seems,
580 3093 610 3139 ut
626 3092 736 3140 consui.
757 3112 790 3125 ·-
810 3086 910 3148 Liba,
934 3090 964 3137 ut
980 3082 1015 3149 11,
1033 3085 1060 3148 2,
1077 3087 1104 3136 8.
1122 3087 1150 3135 et
1165 3082 1199 3137 (ί

178 3186 260 3239 ona.
283 3188 338 3241 hrt.
357 3190 416 3241 Am.
433 3186 456 3254 l,
473 3190 537 3242 42⁰.
563 3188 666 3241 Amorr.
684 3189 750 3255 1‚e‚
767 3192 812 3245 el.
848 3189 917 3241 Sunt
938 3185 1053 3254 legitime
1079 3184 1106 3238 la
1130 3185 1200 3238 omui

178 3285 295 3338 naiditio
319 3302 408 3352 sacro,
436 3292 464 3339 et
482 3286 618 3355 placentne
641 3294 715 3340 erent
740 3286 775 3339 de
800 3284 884 3351 serre,
910 3284 988 3338 melle
1013 3289 1040 3335 et
1063 3266 1140 3348 oleo,
1165 3281 1199 3335 cl.

177 3386 264 3440 esan
289 3385 322 3439 ed
349 3386 422 3453 virg·
445 3388 511 3440 hen.
529 3386 588 3452 vlt,
607 3389 669 3440 109.
705 3387 834 3440 Videntur
860 3391 946 3439 eutem
972 3390 1012 3437 tot
1036 3382 1112 3451 deta,
1136 3389 1201 3452 quot

175 3488 236 3542 enai
262 3491 336 3540 erent
359 3486 445 3539 exacti
470 3486 553 3551 ritae,
580 3484 616 3538 oi.
639 3484 724 3538 (ivm.
751 3484 834 3536 Trist.
858 3482 908 3547 iii,
934 3485 977 3547 re,
995 3485 1039 3535 18.
1058 3508 1093 3522 -
1128 3481 1201 3535 iiba

176 3589 286 3654 terre,
304 3594 334 3641 ut
351 3587 374 3653 1,
393 3590 500 3654 tostii.
520 3587 601 3640 Vnae.
620 3589 720 3653 Georg.
739 3586 774 3649 ii,
791 3587 853 3637 aet.
875 3610 913 3624 -
938 3582 1133 3652 Mopsopio,
1151 3585 1199 3635 nt-

177 3685 246 3749 tleo‚
270 3686 304 3737 ab
330 3687 438 3753 antiquo
465 3684 659 3739 Atheniensium
686 3700 750 3751 rege
778 3683 917 3751 Mopsopo.
967 3682 1111 3736 Notissima
1138 3696 1200 3735 vero

178 3778 313 3844 Hymettia
331 3782 418 3834 melis.
438 3810 472 3823 -
503 3784 534 3837 V.
553 3788 589 3837 55
607 3800 665 3850 sqq.
690 3780 835 3835 succedunt
859 3786 921 3831 note
947 3797 995 3847 pro
1021 3779 1146 3833 felicitate
1171 3788 1200 3831 et

177 3875 367 3942 giorieiutnra
387 3878 525 3934 Messalae.
543 3906 579 3927 -
607 3882 725 3950 proies
750 3884 962 3933 succrescat.
1005 3879 1065 3929 Iino
1083 3880 1198 3931 ernntei

176 3972 232 4026 stib-
270 3973 309 4025 Ad
336 3985 488 4027 succrescat
512 3977 643 4035 hiernros
668 3977 768 4032 coniert
794 3978 927 4033 Atarneo.
953 3972 1002 4043 lli,
1019 3977 1071 4028 ees
1099 3981 1126 4024 et
1149 3970 1199 4023 eibi

177 4083 348 4126 succrescant
366 4073 532 4129 iuvenee'br‘s
550 4081 662 4131 Caesare
679 4077 763 4151 digni.
782 4107 816 4119 —
842 4080 989 4144 Augeat,
1006 4074 1066 4129 eliis
1082 4075 1199 4144 praecie-

176 4175 212 4225 ris
232 4173 316 4230 iactis,
335 4198 372 4212 -
392 4175 599 4242 venerenda,
615 4176 695 4231 rebus
712 4179 795 4243 pestis
814 4185 841 4231 et
859 4175 1008 4231 bonoribus.
1036 4175 1118 4230 vno.
1138 4178 1201 4229 heu.

879 4279 941 4339 ii*
