3009 4725
466 277 595 343 ‘uua
616 278 672 343 111.
712 278 835 346 ELEG.
856 281 913 347 1v.
1142 286 1204 348 345

182 452 348 505 eruamus
365 448 630 517 aliquantutum
648 465 707 504 eum
724 447 790 504 eati
807 452 947 522 iungenda.
983 453 1022 511 Aa
1039 470 1074 512 ne
1092 474 1202 527 quaerar

183 565 230 603 our
256 551 282 601 iu
306 551 392 602 altero
415 547 534 601 membro
558 549 675 616 potuerit
701 557 780 619 poeta
802 553 872 621 qnod
898 559 984 609 umen
1009 573 1057 627 por
1074 574 1105 612 uo
1123 561 1202 615 etiam

183 652 263 720 priori
281 650 435 704 conveniret
452 649 612 714 sententiae,
637 649 747 704 vidimna
765 651 799 706 de
816 651 867 707 lroo
889 670 938 709 nau
957 672 1037 727 aupra
1053 658 1088 725 ll,
1108 664 1135 727 θ,
1153 666 1197 717 60.

183 749 325 802 Praeterea
349 747 463 802 Voarrua
487 748 622 816 portulam
645 752 674 799 ut
697 749 778 802 verba
801 754 927 821 repetitae
955 773 1021 809 vero
1046 769 1151 812 monent
1175 761 1203 815 iu

183 848 313 918 principio
331 847 383 900 nint
400 845 509 900 secundi
526 845 645 912 mambri,
662 846 761 900 fallitur
778 849 857 904 etiam
874 851 900 905 in
918 850 976 910 loo.
1012 855 1115 924 Logloa
1134 860 1203 914 ratio

183 950 289 1019 proprie
314 947 378 1002 haec
401 954 457 1002 eata
490 949 548 1002 Diui
574 963 637 1001 vera
663 956 784 1017 monent,
814 959 876 1006 exta
900 970 961 1009 vera
985 966 1106 1027 monaut3
1132 977 1205 1015 nuuc

186 1056 264 1120 poeta
282 1065 332 1119 pro
350 1056 470 1102 extorum
487 1048 591 1102 nomina
609 1049 787 1118 praelinatum
805 1058 925 1106 extorum
939 1055 966 1108 in
980 1057 1106 1128 principio
1118 1076 1203 1114 mem-

184 1150 224 1203 irl
249 1150 351 1219 poenit,
378 1148 447 1216 qnod
472 1163 564 1202 maora
586 1147 656 1201 idem
681 1152 710 1202 ot
732 1149 873 1203 innumeris
897 1151 962 1205 looia
986 1153 1083 1209 laetum
1105 1158 1198 1213 eodem

183 1248 315 1301 modo-
332 1246 457 1300 Tuaola
473 1246 620 1316 probata
637 1245 697 1301 lae.
714 1248 861 1301 axamlnata
876 1250 976 1317 viria,
994 1257 1198 1319 quorumiuiaae

184 1345 250 1400 hano
276 1346 439 1413 disciplinam
466 1344 570 1396 abunde
595 1350 712 1410 mustei,
740 1343 800 1397 vide
827 1346 991 1400 Mittantur
1016 1350 1044 1404 in
1070 1352 1137 1406 libro
1164 1354 1198 1409 de

185 1444 303 1497 Etruscis
322 1442 397 1495 Tom.
415 1441 450 1496 ll.
467 1459 493 1512 p.
510 1445 562 1495 180
578 1458 637 1511 sqq·
673 1443 797 1496 Ceterum
813 1445 906 1497 mirum
925 1446 1006 1500 rideri
1024 1454 1112 1518 potent
1129 1455 1200 1521 quod

185 1543 241 1594 nola
266 1540 428 1611 haruspicina
445 1543 605 1610 nomInatur,
631 1559 691 1598 oum
710 1544 788 1598 otiam
806 1544 857 1597 alia
873 1559 971 1611 genera
988 1556 1091 1616 emant,
1114 1555 1202 1608 uomi-

186 1639 267 1692 natim
285 1645 369 1693 nortea
386 1646 414 1693 et
431 1656 500 1694 area.
535 1641 590 1695 Sed
608 1641 648 1695 lrla
665 1656 717 1694 nou
734 1640 820 1695 credit
836 1640 989 1709 Lygdamus
1009 1660 1095 1713 neque
1116 1665 1202 1716 agno-

185 1739 235 1791 aeit
253 1754 294 1792 ea.
330 1738 456 1792 Dinaentit
472 1738 552 1807 igitur
568 1755 585 1792 a
603 1739 725 1805 Tibullo,
751 1740 826 1792 cuiun
848 1743 1002 1795 uenientiam
1026 1744 1111 1798 dianna
1135 1745 1202 1815 ia,

186 1841 213 1890 ³.
230 1842 255 1891 4.
275 1844 303 1891 et
326 1838 360 1905 11,
378 1845 406 1906 o,
424 1843 457 1893 ll
476 1856 550 1908 sqq,
574 1847 667 1908 eatque
691 1839 733 1894 lic
758 1841 832 1894 loona
854 1841 977 1896 notabilia
1003 1850 1109 1914 propter
1133 1846 1202 1903 lunc

185 1934 338 1991 (linaearum.
354 1965 389 1978 -
407 1939 472 1994 Mox
489 1939 627 1992 Somnia
644 1937 781 2005 ludunt,
799 1955 850 1993 vox
867 1940 962 1994 uallata
981 1942 1153 2013 damnalia,
1172 1953 1202 2000 ut

186 2036 296 2092 Hom.
313 2039 362 2106 lll,
376 2042 422 2106 Μ,
438 2044 483 2096 to.
508 2041 568 2095 loco
588 2043 650 2093 anta
671 2037 792 2104 laudato,
815 2038 924 2107 alliaque
941 2041 1010 2110 apul
1029 2042 1202 2099 Baouonrru-

186 2152 251 2191 arura
270 2140 343 2195 loeia.
360 2168 398 2182 -
424 2138 625 2202 temeraria,
649 2152 717 2205 quae
735 2143 835 2190 temere
852 2138 988 2207 aooidm,
1006 2142 1144 2210 inquilina
1160 2145 1204 2197 ni-

187 2235 221 2291 hil
245 2241 345 2293 coneilil
368 2246 397 2294 et
420 2240 606 2309 prouidentiae.
630 2267 667 2278 —
699 2237 822 2292 fallaci
848 2245 967 2306 noete,
997 2257 1063 2309 quae
1089 2243 1203 2297 tenebris

163 2392 165 2395 ,
187 2336 241 2388 auia
257 2337 363 2391 adiuvat
379 2339 451 2393 luaua
467 2355 589 2395 vanarum
606 2340 763 2408 imaginum,
790 2346 820 2395 ut
844 2339 902 2395 <lieu
920 2345 948 2396 et
971 2343 1012 2396 aul
1037 2343 1137 2398 ueritati
1162 2344 1202 2398 ia-

188 2440 310 2486 venu-
341 2437 466 2505 V.9aq.
501 2435 544 2488 Et
566 2443 676 2492 uatum
698 2439 731 2491 in
755 2453 851 2492 ouran
875 2445 927 2492 ete.
961 2442 1069 2496 Statuea
1092 2442 1205 2498 fortunae

189 2533 395 2601 obiurgatiouem
409 2535 502 2601 inerte,
520 2536 651 2604 explicam
667 2538 721 2591 aie:
739 2536 776 2589 Et
792 2534 956 2589 nihilomiuus
975 2538 1094 2604 placanti
1125 2544 1204 2598 Quae

188 2634 256 2686 ratio
272 2650 289 2687 a
306 2634 484 2689 Ltourranno
509 2634 632 2703 adoptata
655 2634 773 2701 uidetur,
796 2634 842 2702 qui
868 2634 1079 2700 interrogationis
1102 2640 1206 2704 rignum

187 2734 342 2802 subiecerit,
360 2736 406 2789 aed
424 2751 483 2791 meo
507 2736 604 2791 iudicio
628 2737 719 2805 aequit
735 2736 800 2790 terri
816 2741 923 2805 propter
946 2734 1064 2789 adiectae
1090 2742 1204 2791 uatum

187 2835 220 2888 ln
244 2851 363 2903 ouran,
391 2835 416 2890 h.
441 2852 467 2890 e.
497 2838 714 2892 aollioitudinibua
739 2838 880 2891 obnoxium
907 2851 990 2905 genna
1018 2833 1150 2888 homiuum
1177 2841 1206 2887 et

188 2936 308 3002 anxium,
336 2937 369 2990 ad
392 2944 477 2992 notua
502 2939 598 2995 iactum
622 2948 651 2995 ot
675 2942 791 3010 proclive
815 2945 922 3009 propter
946 2938 1094 2989 innumeros
1118 2950 1205 3002 oaaun,

188 3035 281 3103 quibua
299 3037 352 3089 vita
369 3035 479 3091 humana
496 3041 625 3109 exposita.
669 3038 741 3097 Quid
759 3039 828 3093 enlm
846 3036 1002 3105 significabit
1019 3034 1083 3089 ineo
1100 3039 1206 3088 aenton-

188 3136 240 3189 tiaa
270 3136 307 3189 Et
331 3136 493 3192 nihilominus
516 3139 587 3192 anuli
612 3135 728 3191 hominen
753 3138 856 3206 placant
879 3134 1001 3189 nonaniai
1035 3134 1119 3187 Irnmo
1142 3134 1204 3202 qnia

187 3237 258 3290 anxii
284 3243 360 3303 aunt,
387 3254 445 3292 eam
471 3239 554 3308 lpaam
580 3239 616 3292 ob
642 3254 746 3293 onnam
772 3239 876 3307 planant
904 3238 983 3290 etiam
1010 3251 1078 3303 qnae
1104 3252 1152 3305 par
1176 3251 1206 3290 ae

187 3354 260 3394 rana.
296 3337 422 3392 Praelero
439 3339 519 3405 igitur
536 3335 604 3390 lrnno
621 3352 741 3389 aeneum:
768 3336 876 3389 Somnia
892 3350 955 3388 vero
979 3334 1072 3388 ludunt
1088 3332 1205 3389 leminea

185 3446 337 3507 terrentque
359 3438 427 3491 fauo
449 3439 559 3501 timore,
584 3440 612 3487 ot
635 3432 753 3486 hominen
770 3433 874 3487 nollioltl
892 3439 984 3488 natura
1008 3435 1131 3502 anxiique
1149 3433 1207 3501 pla·

183 3546 246 3591 eant
268 3554 317 3603 ea,
344 3539 407 3592 lieet
426 3553 519 3591 reuera
541 3534 627 3588 inania
650 3534 703 3585 sint
728 3546 778 3584 nee
798 3533 946 3600 requiratur
963 3536 1085 3604 plantatio.
1120 3533 1208 3585 Etiam

183 3634 223 3685 aie
248 3634 397 3688 ‹leieaditur
421 3636 465 3689 lit
491 3633 562 3704 quod
586 3632 719 3697 inlibris,
742 3646 793 3685 neo
811 3636 985 3688 neceesarium
1010 3634 1139 3688 videbltur
1156 3630 1208 3685 Ar,

186 3744 204 3779 a
219 3728 345 3781 Muteno
368 3736 543 3791 conluctatum
566 3741 595 3790 ei
618 3735 644 3788 iu
666 3734 800 3789 eodieibua
821 3734 923 3800 aliquot
944 3740 1084 3802 repartum.
1120 3731 1207 3797 Atque

187 3823 252 3877 liaeo
278 3824 413 3883 hoctuna.
433 3861 469 3875 -
500 3835 740 3891 Constructionem:
768 3848 877 3907 genua
901 3828 1068 3884 hominum
1085 3855 1121 3869 -
1139 3831 1209 3896 pla·

189 3926 281 3987 aaut,
307 3926 411 3980 notabis
436 3945 489 3984 uon
516 3937 625 4005 reperiri
652 3936 723 4005 apud
749 3937 894 3997 Tibullum.
917 3958 952 3971 —
985 3928 1072 3983 Porro
1099 3927 1208 3983 omina

189 4022 316 4087 noetio,
336 4031 365 4079 ut
383 4026 563 4088 Paoraanrua
580 4036 627 4104 lv,
648 4038 674 4103 t,
691 4038 737 4097 28.
757 4044 822 4111 <ficit
839 4028 991 4091 laudatura
1009 4025 1209 4084 linouuuuuuro
