3009 4725
510 326 621 392 LIBR.
642 328 684 394 11.
727 329 851 398 ELEG.
872 335 928 402 111.
1155 351 1218 410 233

469 772 813 848 ELEGIA
889 780 962 852 ΙΙΙ.

559 1229 870 1297 INTRODUCTIO.

199 1457 374 1549 Doleudum
392 1495 433 1542 est
450 1491 561 1558 elegiam
581 1506 632 1543 nou
651 1491 764 1542 intimam
783 1490 851 1542 iuter
868 1489 967 1543 Tibulli
984 1494 1098 1546 carmine
1116 1495 1221 1546 lacunas

203 1585 314 1654 habere,
342 1605 494 1657 quemquam
522 1593 565 1644 uel
591 1592 629 1643 sic
652 1607 704 1644 uon
723 1591 835 1644 obscure
853 1598 894 1643 est
911 1593 967 1643 eius
984 1594 1058 1646 ratio.
1094 1593 1223 1659 Nemesis,

202 1690 269 1740 ulter
287 1705 359 1743 umor
376 1690 488 1756 Tibulli,
512 1707 571 1745 cum
591 1690 694 1744 homine
712 1691 808 1757 divite,
830 1694 874 1759 qui
893 1708 950 1745 cnm
970 1695 1031 1745 olim
1050 1710 1139 1747 servus
1158 1695 1222 1746 iuis-

202 1794 260 1854 set,
286 1789 378 1842 deiude
403 1791 547 1844 libertatem
572 1799 665 1845 nactus
682 1808 791 1859 magnus
809 1808 873 1859 opes
891 1807 924 1843 eu
944 1791 1039 1859 praeda
1057 1793 1150 1845 bellica
1171 1793 1220 1844 sibi

203 1896 354 1957 paraverat,
381 1906 460 1942 seruo
487 1891 615 1957 quondam
639 1900 773 1959 tempore,
802 1891 870 1942 circu
894 1890 1048 1942 ambarsalia
1073 1891 1170 1956 credo,
1197 1891 1223 1942 iu

202 2003 280 2054 agros
304 1988 473 2053 discesserat,
498 1996 528 2042 ut
552 1990 579 2042 iu
604 1991 671 2043 uillis
697 1992 754 2043 eius
779 1995 904 2041 aestatem
931 1988 1053 2055 degeret,
1082 2005 1134 2055 qno
1153 1990 1222 2042 iacto

203 2088 322 2142 Tibullus
340 2091 465 2158 adspectu
486 2097 514 2144 et
538 2107 586 2143 usu
612 2093 713 2160 puellae
737 2091 886 2144 carissimae
910 2090 1024 2158 priuatus
1043 2092 1156 2156 graviter
1173 2090 1222 2142 do-

202 2191 250 2243 luit
268 2199 296 2245 et
311 2190 360 2245 boc
378 2205 482 2245 carmen
500 2193 611 2260 scripsit,
631 2191 779 2245 dedicatum
798 2192 882 2244 amico
901 2190 1032 2257 Cerintho,
1051 2192 1220 2259 compositum

202 2307 264 2345 reru
292 2291 358 2346 baud
386 2292 464 2346 dubie
494 2294 527 2345 ad
555 2292 688 2345 Nemesim
716 2293 937 2347 commovendam·
985 2294 1083 2362 Accipe
1112 2294 1222 2359 singula.

205 2397 324 2451 erereus
348 2395 443 2446 abiisse
468 2394 596 2460 puellam,
623 2396 679 2462 ipse
695 2397 777 2487 pelam
797 2398 822 2447 iu
847 2412 926 2463 egros
952 2400 1065 2449 virentes
1083 2412 1224 2464 properare

205 2494 278 2556 uult,
296 2493 340 2541 ubi
358 2492 409 2543 iam
428 2492 517 2544 Venus
535 2498 563 2543 et
581 2492 661 2545 Amor
679 2497 834 2557 versantur,
854 2500 881 2545 et
898 2495 1000 2547 labores
1019 2498 1129 2548 rusticos
1148 2511 1225 2564 para-

207 2601 248 2648 tus
268 2601 309 2648 est
328 2595 362 2646 ibi
382 2594 450 2647 ferre
465 2595 542 2646 etiam
563 2594 650 2660 duros,
669 2597 692 2647 si
711 2595 788 2648 modo
807 2594 936 2646 domiuum
954 2596 993 2647 sic
1008 2594 1141 2662 adspicere
1163 2611 1226 2665 pas-

205 2699 247 2752 sit.
291 2696 357 2749 Nam
382 2696 443 2748 alirn
469 2696 547 2749 eliam
572 2698 666 2765 Apollo
691 2698 770 2749 bures
790 2696 894 2748 Admeti
913 2694 982 2763 pavit
1001 2709 1089 2746 amore
1108 2696 1226 2749 devictus

206 2802 233 2849 et
250 2796 283 2850 ad
302 2797 388 2850 infima
405 2796 512 2864 negotia
530 2798 672 2852 descendit.
708 2799 769 2867 lpse
785 2798 850 2849 deus
870 2812 962 2849 vaccas
980 2794 1088 2847 stabulis
1107 2797 1226 2861 expelle-

204 2897 250 2950 bat
266 2914 313 2950 nec
333 2897 503 2949 erubescebat
524 2898 631 2949 vitulum
649 2912 790 2965 peragras
808 2896 893 2950 t'ereus
911 2897 1045 2958 relictum3
1064 2893 1146 2945 fertur
1164 2909 1228 2946 coa·

206 2998 365 3063 gulalionem
390 2996 465 3049 lactis
490 2994 610 3047 docuisse
636 3001 663 3047 et
687 2996 798 3048 fiscellas
824 2994 950 3049 detexuit·
986 2992 1044 3045 Nec
1064 2992 1149 3043 cultus
1168 3006 1228 3042 cor·

207 3096 277 3164 poris
294 3097 413 3149 manebat
433 3092 605 3163 pulcherrimo
627 3093 693 3157 deo,
720 3101 747 3146 et
775 3110 822 3161 pro
840 3093 944 3161 templis
962 3088 1102 3158 splendidis
1122 3089 1148 3140 in
1166 3102 1228 3141 casa

207 3210 288 3264 parua
306 3196 438 3263 pastoritia
457 3193 598 3246 habitabat.
644 3192 698 3245 lsto
725 3194 792 3244 euim
819 3199 936 3261 tempore
963 3190 1031 3242 ielici
1057 3188 1120 3242 nibil
1145 3190 1230 3243 maius

208 3310 295 3347 amore
320 3293 479 3357 habebatur,
508 3309 556 3345 uec
582 3292 652 3360 ipsos
679 3292 742 3361 deas
769 3291 881 3358 pudebat
900 3296 991 3358 aperte
1010 3289 1105 3342 Veneri
1122 3292 1228 3344 servire.

205 3396 241 3447 ut
259 3410 335 3459 nunc,
354 3391 441 3461 pergit
458 3401 543 3460 poeta,
563 3391 674 3443 terreum
692 3390 824 3441 saeculum
840 3396 887 3453 est,
907 3404 954 3441 uec
973 3405 1046 3441 emar
1064 3391 1110 3443 sed
1130 3390 1227 3460 praeda

207 3494 342 3560 laudatur,
366 3493 428 3547 licet
446 3507 488 3544 res
506 3491 587 3543 muita
606 3489 672 3542 mula
692 3486 793 3539 lrabeat.
830 3486 894 3539 lude
914 3488 982 3540 euim
1002 3488 1070 3542 bella
1096 3497 1154 3542 arta
1172 3496 1232 3541 sunt

208 3599 276 3645 term
295 3595 419 3660 marique.
456 3592 553 3645 Redux
570 3598 657 3643 autem
675 3586 745 3640 durni
764 3589 838 3639 miles
858 3589 995 3655 praedator
1014 3590 1149 3642 latifundia
1168 3603 1229 3639 coe-

207 3689 255 3740 mit
272 3692 363 3741 ouibus
381 3693 532 3759 pascendis,
551 3692 594 3744 ubi
612 3692 704 3744 melius
727 3688 841 3741 immines
859 3690 990 3755 virerent,
1009 3696 1036 3741 et
1055 3691 1080 3741 iu
1098 3689 1163 3740 urbe
1181 3685 1230 3737 do·

207 3801 264 3838 mos
289 3803 396 3853 magnas
423 3797 559 3845 exstruens
587 3790 776 3843 transvectione
804 3804 926 3843 susorum
954 3788 1102 3839 immanium
1131 3785 1232 3837 vicinos

208 3894 289 3939 terret
310 3902 343 3941 ne
362 3897 499 3957 corruant,
517 3909 586 3946 mare
605 3900 692 3944 autem
710 3891 823 3945 molibus
842 3899 943 3962 septum
964 3888 1048 3955 pisces
1064 3899 1168 3937 servare
1186 3902 1233 3938 co·

207 3987 279 4053 gitur
297 3986 385 4053 gulae,
423 3989 510 4055 Atque
534 3990 612 4041 etiam
634 3990 754 4057 puellae,
781 3990 867 4062 eheu,
893 3992 984 4057 captae
1009 3987 1069 4036 sunt
1087 3983 1189 4036 luxuria
1205 3990 1233 4036 et

209 4104 273 4159 apes
294 4090 383 4143 Venus
400 4087 481 4157 cupit.
518 4086 574 4142 Nec
600 4090 718 4144 Nemesis
743 4107 804 4152 meu
828 4092 1003 4171 frugalitatem
1029 4090 1099 4137 amal
1122 4087 1148 4137 et
1174 4082 1238 4135 siua-
