3009 4725
595 419 806 548 TIBULL13
1131 451 1194 493 xnv

157 603 232 668 Non
279 611 385 683 potest
425 597 465 658 in
500 593 638 657 maxima
675 593 871 677 simplicitate
907 594 1087 661 adumbrari
1123 602 1193 682 pul·

156 716 266 782 ebrius
297 711 484 778 coniunctio
514 709 633 771 arcator
662 709 850 785 amantium,
878 712 980 793 qualis
1000 712 1192 795 aliquamdiu

158 826 238 892 luit!
285 825 424 894 Omnino
455 834 602 886 notatum
626 801 724 884 etiam
746 825 786 886 ab
808 823 878 886 aliis
900 836 962 902 est,
991 829 1128 890 carmina
1151 850 1193 891 ex

163 942 276 1025 priora
301 951 443 1021 tempore
469 938 567 1000 huius
594 938 709 1000 amoris
735 936 849 1000 miram
870 937 991 1019 spirare
1012 942 1193 1006 suauitatem

170 1074 332 1117 sensuum.
380 1050 441 1113 Sed
469 1061 539 1114 erat
567 1049 601 1110 in
623 1050 715 1112 Delia
736 1061 869 1113 naturas
889 1052 967 1114 uitio
991 1049 1192 1136 deplorabilis

167 1171 283 1236 levitas
309 1169 419 1245 animi,
449 1166 536 1231 unde
558 1168 676 1229 factum
702 1178 738 1228 ut
758 1164 794 1227 in
814 1166 904 1228 lenae
925 1188 1042 1249 pravas
1061 1168 1192 1253 laqueos

164 1282 319 1349 incideret
339 1297 369 1346 et
391 1280 486 1345 iidem
506 1283 677 1360 frangeret.
721 1275 836 1343 Ortum
855 1277 943 1356 inde,
964 1293 1112 1364 utsupra
1126 1283 1191 1346 iam

163 1398 301 1479 dicam,
328 1399 468 1482 primum
500 1408 547 1458 est
574 1392 757 1471 discidium,
781 1394 967 1477 'grauissime
990 1394 1114 1460 dolente
1135 1400 1190 1462 Ti·

161 1515 267 1589 bullo,
296 1512 353 1596 qui
376 1532 466 1594 spem
488 1509 734 1593 pulcherrimam
755 1507 799 1570 sic
826 1506 866 1571 ad
893 1510 1015 1574 irritum
1043 1511 1188 1578 cecidisse

164 1624 296 1690 rideret.
338 1628 513 1709 Postquam
538 1635 644 1688 autem
666 1633 765 1705 nupta
786 1622 855 1688 uiro
878 1626 983 1706 puella
1003 1627 1037 1688 in
1057 1628 1188 1707 gratiam

168 1757 241 1803 cum
261 1752 355 1823 poeta
378 1739 526 1818 redierat,
549 1742 601 1803 cui
624 1740 730 1803 favere
751 1759 818 1802 non
843 1737 991 1820 desierat,
1015 1743 1096 1807 vitae
1117 1747 1189 1829 qui·

169 1852 245 1915 dem
266 1855 403 1914 rusticm
423 1855 533 1934 felicis,
561 1878 655 1940 quam
675 1856 860 1936 imaginatus
882 1869 964 1932 eret,
997 1879 1061 1921 non
1085 1861 1190 1941 potuit

163 1969 305 2052 amplius
327 1969 412 2030 sen'a
435 1968 574 2047 cogitatio
596 1990 669 2048 esse,
691 1968 758 2030 nati
778 1988 855 2032 vero
877 1969 929 2029 isti
948 1969 1102 2046 ingeniosi
1125 1969 1189 2032 doli
1222 2027 1229 2036 ,

163 2087 275 2149 furtivi
297 2096 389 2160 sunt,
421 2103 501 2168 quos
519 2084 551 2144 in
571 2083 709 2148 secunda
734 2096 765 2145 et
791 2093 880 2145 sexta
900 2082 998 2163 elegia
1019 2077 1190 2162 descriptos

159 2202 324 2264 habemus.
364 2201 423 2263 list
444 2201 614 2264 etiamnum
629 2200 821 2264 desiderium
841 2197 1008 2262 indelebile
1031 2197 1188 2262 formosae

162 2315 302 2396 puellae,
326 2314 416 2376 cuius
438 2335 497 2377 usu
521 2337 626 2379 carere
650 2315 776 2399 nequit,
801 2317 970 2378 etianmum
993 2336 1063 2377 cum
1086 2328 1188 2378 amata

165 2433 218 2492 vel
230 2430 262 2491 in
282 2429 459 2508 solitudine,
480 2432 506 2494 si
527 2433 635 2514 possit,
655 2432 761 2495 vivere
779 2434 854 2495 velit
869 2434 991 2509 lubens,
1014 2430 1069 2494 sed
1085 2446 1187 2497 aestus

162 2547 279 2607 amotis
297 2546 493 2629 aliquantum
510 2560 619 2609 auctus
639 2545 764 2609 videtur
779 2559 809 2608 et
824 2547 975 2627 cupiditas
992 2547 1093 2609 maior
1107 2547 1188 2609 facta

157 2657 411 2740 impedimentis,
439 2658 524 2721 tunde
553 2659 681 2738 insignis
703 2660 900 2722 vehementia
926 2661 1094 2721 affectuum
1118 2671 1187 2721 orta

157 2777 194 2834 in
227 2773 278 2832 his
306 2772 492 2835 carminibus
521 2773 688 2853 conspicua
713 2785 745 2835 et
766 2771 928 2853 persuasio
955 2772 1033 2831 nihil
1053 2773 1188 2833 intenta-

154 2902 230 2950 tum
254 2887 449 2970 relinquens,
480 2910 561 2971 queas
583 2901 687 2950 tamen
713 2890 746 2949 in
777 2886 1055 2948 ultimocarmiue
1084 2882 1120 2967 (1,
1144 2883 1188 2966 6.)

153 3006 189 3064 in
214 3002 448 3082 castigationem
470 3005 664 3067 acerbiorem
686 3005 810 3079 transit,
833 3017 863 3064 et
885 3000 1012 3063 adhibet
1032 2997 1187 3083 quidquid

150 3119 417 3201 grauissimorum
439 3123 610 3183 uerborum
635 3122 765 3184 amatori
793 3119 938 3181 restabat.
966 3106 972 3128 '
993 3116 1075 3177 Tum
1104 3116 1187 3175 enim

151 3255 277 3297 novam
299 3231 463 3314 perfidiam
484 3233 578 3295 Delia
600 3231 775 3307 admiserat,
796 3254 876 3315 quae
898 3234 960 3293 iam
984 3231 1076 3291 etiam
1097 3227 1188 3290 lasci·

152 3349 233 3411 sior
260 3359 325 3409 erat
356 3348 438 3410 facta
459 3342 545 3433 (neec
566 3350 647 3411 cubet
668 3352 737 3413 tneo
756 3359 852 3429 pectus
874 3358 976 3431 aperto
996 3342 1088 3422 sinu),
1118 3366 1187 3409 suc·

152 3474 317 3523 cesserant
344 3461 412 3524 irae
434 3463 665 3547 frequentiores
695 3478 726 3526 et
754 3465 946 3546 pulsationes
969 3459 1046 3526 adeo
1069 3460 1187 3523 accide-

151 3588 245 3638 rant.
289 3577 409 3640 Tamen
432 3581 525 3641 etiam
547 3581 580 3641 in
598 3581 658 3644 hoc
681 3579 817 3641 carmine
839 3578 937 3642 multa
953 3577 1082 3657 vestigia
1101 3596 1187 3636 amo·

153 3694 201 3753 ris
224 3705 349 3773 patent,
383 3697 440 3779 qui
461 3717 546 3760 nora
571 3717 643 3759 cum
663 3696 695 3759 ui
720 3695 959 3771 resurrexisset,
988 3693 1016 3753 si
1037 3691 1189 3773 potuisset

155 3805 254 3870 Delia
275 3807 379 3872 redir'e
402 3808 443 3872 ad
465 3814 628 3875 meliorem
649 3814 780 3894 frugem.
826 3806 919 3886 Quod
936 3831 1007 3871 eum
1025 3828 1090 3870 non
1109 3819 1188 3867 esset

158 3921 286 3999 lactum,
315 3938 426 4007 postea
448 3929 558 3990 relicta
583 3941 638 4005 est,
660 3926 762 4005 credo,
783 3949 847 3991 non
873 3926 940 3988 sine
962 3922 1071 3986 dolore
1093 3925 1189 4001 gravi.

162 4037 360 4105 Absolvimus
381 4044 551 4106 historiam
576 4042 669 4104 huius
690 4042 822 4118 amoris3
851 4051 993 4122 superest
1014 4040 1189 4104 observatio

164 4144 206 4207 ad
239 4154 489 4235 cognoscendam
525 4155 691 4235 pulchram
726 4151 866 4216 indolem
900 4150 966 4213 eius
1000 4152 1191 4231 gravissima
