3009 4725
484 422 594 488 LIBR.
616 426 641 489 Ι.
682 424 802 492 ELEG.
826 427 881 492 ΙΙΙ.
1152 443 1190 500 61

175 612 298 668 ieiellerlt
317 625 391 682 epem
409 610 503 664 iuetnm
523 625 571 664 nec
588 610 656 665 edait
673 609 700 670 in
712 609 761 666 hoc
779 613 912 683 pericnlo;
937 616 992 669 eina
1011 618 1078 672 enim
1094 621 1192 677 anxilio

174 715 273 785 potenti
291 713 405 767 continue
423 712 624 765 incolumitatem
642 716 793 779 speraverat
809 713 835 766 in
853 713 945 767 itinere
969 721 1015 769 eut
1032 721 1191 776 curationem

173 820 317 884 promptu)
346 812 368 864 ai
393 811 455 878 quid
481 810 626 876 accideret,
648 826 755 865 cumea
775 817 910 883 tantopere
929 815 1088 870 coleretnre
1109 821 1191 891 Delie,

169 920 247 983 atque
272 914 350 966 etiem
367 916 429 964 vota
446 911 532 979 puella
549 909 661 964 ieciaaet
697 912 810 965 dccneet
828 913 939 981 deniqne
953 917 1057 970 omnino
1071 929 1190 974 oetatem

169 1010 219 1064 sub
238 1014 301 1062 love
321 1018 504 1079 praesentem,
528 1021 595 1073 qnae
624 1004 733 1062 habendi
759 1009 893 1080 cupiditati
910 1010 998 1066 dedita
1015 1015 1137 1071 caedlbna
1158 1035 1190 1074 ao

169 1112 245 1166 bellic
269 1108 383 1177 gaudem
406 1122 521 1177 comper,
549 1106 617 1160 unde
641 1109 712 1162 mille
747 1109 838 1163 mortie
862 1111 935 1177 νῖκος
961 1113 999 1166 aio
1022 1130 1084 1168 aero
1109 1120 1188 1173 ctiam

172 1217 251 1279 poete
268 1209 295 1263 ln
318 1208 367 1263 hoc
391 1208 485 1261 melum
503 1222 577 1261 enum
595 1207 692 1264 iaeidlt.
741 1211 827 1279 nique
845 1210 880 1264 ita
898 1209 1032 1277 Tibullus,
1055 1222 1085 1267 ut
1106 1216 1187 1284 rideo,

169 1311 303 1380 preeclero
321 1310 418 1365 effectu
435 1305 553 1362 exhaurit
571 1309 666 1374 omnia,
695 1325 733 1375 ae,
750 1309 855 1376 itidem,
872 1316 985 1364 aetetenn
1002 1311 1113 1382 denique
1129 1318 1189 1371 uni-

169 1423 268 1463 veraam
285 1423 410 1463 accusem
437 1408 586 1476 infortunii,
611 1425 664 1479 qno
691 1410 801 1466 loborat.
835 1410 890 1465 sed
908 1424 967 1465 cnm
984 1414 1088 1480 querele
1105 1417 1188 1472 mixta

168 1506 242 1558 aimnl
259 1508 373 1576 precatio
391 1514 433 1562 ert
449 1506 590 1561 identidem
618 1508 729 1577 repetita
747 1524 796 1579 pro
821 1509 919 1564 salutet
944 1516 1003 1564 orat
1019 1511 1133 1570 Mortem
1157 1522 1187 1570 ut

170 1602 296 1657 abetineat
312 1619 416 1671 manua,
438 1611 497 1660 orat
514 1605 611 1659 itidem
634 1611 664 1659 ut
681 1613 829 1674 rnccnrrat,
848 1613 906 1661 orat
923 1607 1035 1678 denique
1050 1611 1138 1668 iorem
1156 1621 1187 1669 nt

172 1703 276 1767 parcat,
293 1700 316 1754 al
332 1701 389 1754 deri
406 1703 496 1771 poenit.
534 1702 574 1757 Ac
595 1703 653 1771 quia
672 1717 722 1757 non
740 1704 819 1758 etiem
836 1704 863 1757 in
880 1702 930 1759 hoc
947 1711 1066 1776 epoectt
1080 1728 1186 1768 enavenn

172 1796 274 1865 elegiae
290 1797 418 1866 indolem,
444 1815 510 1868 qnae
526 1815 578 1854 non
596 1800 680 1856 auium
702 1801 854 1856 varietatem
873 1803 1013 1861 affectuum
1029 1816 1114 1879 amat,
1138 1812 1185 1867 eed

171 1896 249 1951 mam
264 1896 362 1953 reditur
378 1897 412 1952 ad
429 1897 537 1953 eandem
553 1898 719 1964 cententlam,
737 1898 841 1954 eaedem
860 1903 988 1971 querelae,
1006 1905 1096 1962 eadem
1114 1916 1183 1966 vota.

169 1996 286 2052 vidimna
301 1995 416 2068 primam
428 2007 552 2070 portem,
580 2014 647 2068 quac
665 2004 720 2052 tote
739 1999 841 2054 flebilia.
877 1999 937 2068 lion
960 2008 1062 2070 poterat
1078 2022 1183 2062 manere

170 2094 212 2150 laic
228 2102 330 2165 metuet
358 2099 416 2168 quie
433 2099 503 2154 enim
521 2100 610 2153 intell
627 2099 771 2155 infortunio
788 2114 840 2153 non
858 2099 950 2154 aotatia
965 2099 1084 2156 dolorum
1103 2119 1185 2172 quae·

167 2204 224 2267 rat,
248 2211 301 2254 non
323 2211 398 2269 epem
422 2200 537 2254 melioria
561 2201 680 2257 loriume
697 2199 828 2271 arripiet?
864 2198 906 2254 lta
922 2214 985 2255 vero
1002 2200 1112 2257 allectna
1129 2204 1185 2259 ele·

168 2300 226 2367 alae
249 2298 363 2369 quietem
386 2298 480 2353 inamm
504 2298 626 2354 inveniet,
662 2299 708 2354 Sic
726 2297 878 2354 deducimur
895 2294 930 2351 ad
947 2297 1079 2351 secundae
1094 2300 1185 2372 portic

167 2404 353 2465 argumentum.
389 2397 496 2452 Traneit
512 2398 580 2452 eninr
598 2413 665 2454 nnnc
689 2397 816 2467 cogitatio
832 2395 869 2453 ad
891 2397 992 2455 interna
1016 2400 1088 2471 loca,
1116 2418 1183 2473 qnae

169 2509 211 2547 ree
228 2495 346 2563 proxime
363 2496 500 2551 coniuncta
518 2501 559 2550 eet
583 2496 805 2551 antecedentibna.
848 2496 879 2551 el
903 2502 991 2554 temen
1014 2501 1182 2569 moriendum,

168 2595 220 2663 eit,
237 2596 285 2648 flat
301 2594 371 2663 qnod
388 2595 414 2647 in
425 2580 490 2651 ‘lette
508 2604 564 2664 cate
582 2597 671 2653 venna
692 2599 749 2667 lpea
766 2596 793 2650 in
811 2595 916 2650 beatum
932 2595 1050 2665 illyrium
1069 2617 1111 2656 me
1132 2601 1183 2657 du·

167 2696 219 2755 cci,
237 2688 282 2742 ubi
294 2689 377 2743 Amor
390 2686 492 2743 aaaidne
509 2690 608 2759 proelia
623 2691 724 2757 miecet,
743 2690 837 2744 rivalea
853 2695 948 2756 eutem,
965 2691 1010 2757 qni
1026 2694 1183 2751 labefactare

165 2786 260 2843 Dellee
276 2785 353 2841 fldem
367 2786 521 2843 studuerunt
538 2794 566 2842 et
583 2787 698 2857 maligne
717 2786 886 2843 lancinatione
903 2787 1107 2852 lentaakmilitim
1121 2793 1182 2849 milri

164 2891 303 2955 puerunt,
322 2885 449 2942 Tartama
467 2887 584 2958 excipito
601 2889 746 2958 poenisque
763 2888 852 2957 dignis
867 2886 991 2942 cruciato.
1025 2887 1073 2943 Sic
1088 2906 1181 2945 coneo-

167 2986 236 3040 ietua
251 2989 363 3041 animum
387 3002 435 3055 epe
459 2985 592 3039 felicitatia
616 2984 761 3041 deetlnatae
779 2987 805 3041 ln
821 2985 914 3054 Elpeio
932 2991 960 3039 et
976 2997 1076 3054 poenae
1094 2986 1182 3040 rivali·

165 3087 215 3139 bne
231 3087 259 3140 in
275 3085 387 3141 Tartaro
404 3084 565 3152 subeundae,
581 3092 610 3140 et
626 3102 686 3142 cnm
703 3093 780 3143 antea
799 3085 948 3142 lamentatio
964 3083 1086 3141 continua
1102 3093 1181 3154 canet,

165 3198 233 3239 nunc
257 3184 360 3241 hilarior
383 3187 509 3255 cogitatio
531 3188 612 3243 iutnri
636 3190 771 3243 eacceeait,
806 3187 904 3257 Accipe
921 3186 1029 3254 reliqua.
1064 3184 1094 3238 ln
1111 3185 1181 3239 Tar-

165 3290 239 3349 taro,
255 3290 340 3354 pergit
356 3288 382 3340 ln
399 3289 451 3341 linc
466 3288 690 3355 antecedentium,
708 3290 786 3344 etiam
805 3289 925 3341 mullerea
943 3285 1094 3354 puniuntur,
1112 3298 1180 3351 qnae

165 3384 275 3439 Veneria
291 3401 385 3439 numen
402 3388 548 3455 laeserunt,
577 3397 606 3444 et
630 3395 658 3443 tn
683 3396 757 3443 caata
783 3401 902 3451 maneae,
927 3383 1017 3450 Delia,
1041 3398 1181 3453 meoque

162 3482 248 3540 fldem.
284 3481 323 3537 Et
339 3498 406 3538 nunc
422 3485 483 3540 aide
502 3485 624 3539 exitum.-
653 3484 703 3539 lroc
720 3486 789 3539 enirn
804 3482 885 3538 modo
902 3497 1005 3537 reveren
1022 3484 1181 3552 cogitatione

163 3583 196 3636 ad
219 3599 327 3654 mperaa
353 3586 490 3654 regiona,
516 3586 620 3641 iamiam
644 3587 778 3656 praeclara
800 3581 951 3653 plrentaaiae
974 3583 1000 3637 al
1018 3582 1179 3638 obiidacltur

163 3687 240 3748 poeta
257 3691 383 3750 mortem,
406 3685 514 3738 resumit
531 3698 605 3754 apem
622 3681 714 3737 eaiutla
731 3685 759 3734 et
776 3679 810 3733 de
826 3679 912 3735 reditu
933 3680 1055 3736 incolumi
1071 3681 1179 3749 cogitat,

164 3791 222 3831 cum
240 3796 349 3850 verpere
367 3788 476 3848 repente
492 3782 600 3836 intrabit
617 3781 643 3834 in
660 3780 752 3834 Deliae
770 3777 874 3835 domum
893 3787 921 3835 et
938 3782 1025 3851 puella
1042 3782 1111 3835 lactc
1129 3780 1179 3833 ob-

162 3878 230 3931 viem
255 3886 342 3935 curret
366 3879 469 3935 reddito
493 3882 599 3936 amanti.
636 3878 706 3938 Quid
732 3879 901 3948 preeclariua.
915 3877 964 3936 troc
981 3878 1056 3932 finci
1089 3873 1181 3928 Habet

159 3977 373 4045 *conpositionem
399 3981 500 4052 pulchri
523 3980 657 4047 caminia,
684 3980 837 4036 euevbelmo
861 3992 1002 4050 progreaan
1025 3994 1045 4031 a
1062 3974 1179 4030 trieiibne

159 4071 194 4128 ed
213 4074 321 4131 laetiore
337 4086 365 4134 et
383 4081 524 4138 laetlaaieta
541 4082 680 4153 pergenda.

564 4226 786 4249 -ι-οι--ῠ
