3009 4725
484 375 593 442 ΗΒΕ.
617 382 640 441 1.
685 381 804 444 ELEG.
826 382 895 445 VH.
1138 396 1194 451 151

180 568 228 610 me
251 554 348 625 optime
372 553 486 622 potitum
511 552 588 606 docui
606 551 838 618 ndl,1,ut.-
867 552 1031 607 Tarbella
1060 555 1194 624 Pyrene

180 659 241 707 eunt
257 658 359 706 montea
375 652 523 718 Pyrenaei,
548 666 614 718 quor
633 649 763 716 Tarbelli,
789 652 942 719 Aquitanina
960 655 1085 722 populun,
1104 664 1194 710 verene

178 752 249 805 iittna
266 751 414 819 Aquitanioi
432 752 510 805 marie
527 751 687 804 accolebant.
729 751 802 805 Fluit
819 768 866 822 per
884 753 940 805 iiiee
959 755 1079 821 regiones
1097 756 1194 810 Aturus

178 846 313 916 (Adour).
330 876 367 887 —
385 849 514 903 Ooeeni
533 849 655 901 littore
673 850 869 904 Santonici·
904 852 1042 915 Santones,
1060 854 1110 906 elie
1128 870 1193 922 gena

175 951 328 1017 Aquiteniea
355 951 489 1004 Oceanum
518 950 665 1016 attingam,
695 956 815 1018 porrecta
846 953 914 1005 inter
938 951 1053 1020 Ligerim
1084 958 1111 1005 et
1135 954 1193 1005 Ge·

176 1064 299 1104 munnam.
335 1049 420 1103 Terra
435 1065 504 1104 nuno
522 1049 668 1122 Saiutonge
687 1058 846 1105 roenna·-
866 1052 939 1104 V.li
956 1067 996 1119 aq.
1015 1053 1099 1105 Ater
1115 1051 1192 1107 hodie

176 1149 320 1201 διωκομ-
337 1148 507 1201 Garumna
524 1154 566 1201 eet
583 1149 760 1202 Garonne.-·
779 1148 886 1215 Liger
900 1164 968 1203 nuno
985 1152 1073 1208 Loire.
1108 1151 1193 1206 Trans

177 1244 244 1299 hune
267 1245 386 1313 fluvium,
415 1247 458 1300 ubi
481 1246 537 1300 iere
560 1243 637 1298 hodie
660 1242 788 1301 otilone,
811 1244 959 1299 habitabant
984 1247 1125 1301 carnuti
1150 1251 1190 1303 vet

177 1348 325 1405 Comatae,
350 1346 393 1400 trio
415 1346 502 1402 finti
526 1346 590 1401 dieti
607 1363 623 1400 e
641 1349 732 1401 ootore
749 1348 921 1415 capiliorum,
944 1349 1140 1415 melitiani,
1164 1359 1191 1403 et
1262 1397 1268 1406 .
1353 1387 1357 1394 ·

169 1446 251 1516 flava
267 1443 361 1497 Gellio
378 1452 420 1499 ert
432 1446 590 1499 Cnrunraa.
608 1445 642 1497 de
659 1443 728 1498 iend.
746 1442 848 1500 Stilleh.
865 1444 902 1510 u,
914 1447 1022 1500 24⁰³-
1041 1447 1189 1508 oaernte.

176 1544 234 1600 ine.
247 1560 386 1614 eequorea,
402 1549 440 1600 ait
453 1562 512 1602 enm
526 1547 689 1601 Soanrouno
702 1545 842 1610 Hnrurna,
859 1547 919 1612 quie
932 1547 1052 1600 Ooeantn
1066 1561 1113 1615 per
1125 1549 1192 1600 oatia

176 1644 257 1698 intrat
275 1649 304 1698 et
319 1647 449 1699 minaria
465 1646 536 1700 saoit.
572 1644 672 1698 Tamen
687 1644 765 1696 etiem
783 1658 831 1712 per
847 1658 877 1696 ae
895 1643 965 1695 durii
983 1642 1111 1697 interdum
1130 1659 1190 1698 eae·

176 1742 243 1796 rniei
259 1742 338 1809 dieti,
355 1749 386 1795 ut
403 1759 428 1796 v.
448 1746 492 1797 rt.
509 1743 633 1811 cydnua,
652 1742 695 1796 nbi
711 1741 779 1795 vide.
816 1742 900 1794 Porro
924 1742 1112 1809 oppositionem
1130 1758 1190 1797 ene·

176 1860 234 1898 vem
251 1842 424 1913 epithetornm
441 1844 559 1911 notabis,
578 1851 607 1897 nt
623 1861 667 1912 ep.
686 1844 772 1896 Vrne.
790 1843 890 1908 Georg.
908 1841 955 1906 lv,
975 1844 1040 1895 1262
1068 1844 1130 1911 Qua
1148 1845 1191 1894 m·-

175 1958 224 2014 ger
238 1943 377 1994 humectat
388 1942 526 2012 flaventia
543 1940 621 2000 cultu
639 1939 780 1993 Galaesus.
818 1939 892 1992 Adde
909 1940 961 1991 elia
977 1946 1066 1992 notate
1084 1957 1100 1992 a
1119 1942 1189 1994 Vos·

175 2055 217 2094 ero
236 2040 298 2093 ibid.
317 2040 350 2094 ed
368 2042 415 2109 lv,
431 2045 494 2096 293.
511 2060 538 2112 p.
556 2047 618 2096 833.
661 2041 773 2095 Omnino
792 2040 913 2107 quoniam
932 2055 1011 2108 anepe
1026 2055 1120 2094 moneo
1138 2056 1189 2094 non

175 2153 233 2192 eane
256 2141 340 2193 otioea
362 2140 479 2209 epitheta
501 2142 527 2193 in
545 2139 584 2193 tria
604 2139 775 2203 orrminibne,
801 2143 926 2208 perpetue
950 2137 1063 2207 epitheta
1090 2139 1115 2191 in
1141 2140 1188 2192 de-

174 2238 313 2307 scriptione
336 2240 452 2293 iooornm
478 2254 529 2293 non
555 2240 684 2302 edentur,
710 2238 758 2291 aed
782 2239 852 2291 vireu
877 2243 905 2290 et
922 2236 1056 2291 distinetur
1080 2238 1188 2291 reddunt

175 2352 259 2393 reram
281 2340 417 2408 imagines.
460 2341 580 2408 Denique
606 2341 632 2394 in
654 2341 706 2393 tine
731 2340 782 2393 ioci
808 2339 918 2392 observa
941 2340 1042 2406 legem,
1068 2352 1144 2405 quem
1162 2338 1188 2390 in

174 2443 230 2491 tota
256 2439 447 2492 enumeratione
471 2444 578 2493 reentur
603 2444 644 2491 eet
669 2436 815 2491 'fibellum‘
845 2437 954 2490 orditur
976 2436 1010 2489 ab
1035 2435 1187 2490 oeeidenteii

176 2537 300 2600 termino,
324 2537 467 2601 Pyrenaeia
491 2544 519 2591 et
543 2538 642 2591 Oeeeni
666 2540 770 2603 littore,
800 2538 888 2593 nudet
906 2538 999 2592 deinde
1018 2540 1051 2591 ab
1069 2542 1189 2609 opposita

175 2643 249 2706 parte
267 2638 368 2691 Ararim
385 2643 414 2689 et
427 2635 603 2704 Rhodanum,
627 2638 737 2708 denique
760 2639 874 2692 medinm
896 2639 968 2692 addit
986 2641 1144 2694 Garumnam
1163 2650 1189 2693 et

174 2751 263 2791 nerana
276 2738 476 2806 septentrionem
494 2738 617 2806 Ligerim.
653 2739 755 2808 Nempe
773 2735 975 2805 geogmphicurn
992 2735 1107 2790 ordinem
1124 2755 1188 2791 eun·

172 2837 321 2891 metationia
339 2835 421 2890 vitare
441 2837 532 2890 voinit.
568 2840 655 2904 atque
680 2834 743 2890 haee
769 2836 900 2890 hactenus.
937 2834 1096 2887 Monendum
1121 2851 1187 2889 nune

172 2944 221 3005 eat,
238 2938 308 3006 qnod
326 2952 404 3007 rnpre
423 2954 464 2992 me
482 2938 611 2992 iuotnrum
629 2938 694 3003 diri,
718 2938 752 2991 de
770 2934 907 2990 tristoricio
925 2934 1011 2988 rebus.
1047 2934 1131 3001 igitur
1149 2939 1186 2986 vi-

173 3037 250 3092 detur
272 3038 426 3106 Aquitaniaa
450 3043 536 3090 motna
560 3050 608 3105 per
631 3051 750 3103 magnam
775 3044 874 3104 partem
897 3034 1000 3087 Galiiee
1025 3033 1187 3100 pertinuisse,

174 3142 201 3189 et
218 3136 341 3190 credibile
358 3142 399 3189 eet
422 3136 508 3189 rarioa
533 3137 646 3205 populor
671 3136 703 3188 ed
729 3136 822 3189 fluvios
846 3135 963 3188 ieudatoa
981 3131 1125 3186 habitantes
1143 3132 1186 3185 isti

172 3237 272 3290 foederi
290 3254 318 3290 ee
335 3237 493 3291 adiunxisse·
528 3236 588 3289 Hos
605 3248 695 3290 omnen
712 3251 765 3290 uno
782 3237 882 3304 proelio
901 3234 1013 3287 maximo
1029 3230 1063 3283 ed
1080 3230 1186 3282 Atacem

143 3356 147 3365 ·
173 3333 267 3388 devicit
284 3336 398 3389 Menate
418 3337 461 3390 die
478 3337 628 3402 nataliono,
646 3336 709 3389 adiit
728 3345 814 3390 tamen
832 3334 910 3387 oredo
930 3339 1019 3402 postea
1038 3331 1115 3383 etiem
1133 3330 1186 3383 atn-

170 3436 247 3501 gnloo
272 3442 299 3488 et
323 3436 434 3490 rubieolt
458 3439 611 3506 puenvitque
636 3438 704 3505 qnod
731 3435 874 3506 pecandum
892 3431 1014 3486 restabat.
1050 3433 1185 3485 Provincia

170 3535 310 3602 Aquitania
333 3535 366 3589 ed
391 3536 508 3605 Ligerim
533 3543 641 3590 extensu
666 3542 715 3590 eet.
751 3534 862 3587 Sicubi
886 3538 965 3584 totam
990 3546 1046 3585 rem
1071 3531 1186 3599 explices

170 3632 289 3687 iaeittime
315 3638 481 3702 eonieotnru,
509 3638 621 3691 concidit
647 3637 737 3689 vodan
764 3634 922 3698 aliorumque
947 3633 1048 3699 opinio,
1080 3637 1186 3698 propter

171 3732 249 3785 mutu
269 3732 310 3787 hie
328 3735 474 3801 significate
493 3738 550 3791 toea
570 3754 619 3791 nou
643 3751 719 3805 posse
738 3735 771 3786 de
790 3748 840 3784 nne
859 3731 965 3783 victoria
985 3731 1027 3782 die
1046 3729 1123 3782 netuli
1142 3742 1184 3779 re·

171 3833 273 3897 porteto
291 3832 409 3897 eogitari,
428 3841 584 3888 evanescunt
601 3849 690 3889 omnen
707 3832 882 3893 difficultates,
900 3833 985 3879 manet
1005 3841 1064 3877 veru
1082 3823 1184 3873 visana

170 3927 265 3982 verbia.
308 3930 374 3984 Cum
399 3940 487 3987 entem
512 3943 590 4005 poete
615 3943 641 3989 et
667 3936 708 3987 iati
728 3934 829 4003 proelio
847 3936 874 3983 et
897 3935 1001 3982 ceterae
1026 3922 1184 3992 expeditioni

169 4028 343 4096 inportunae,
371 4040 500 4090 tententur
518 4038 621 4094 laudata
647 4039 703 4089 lore
726 4052 777 4090 nou
800 4035 854 4087 aiore
874 4047 905 4084 eo
924 4025 1045 4096 triumphi
1064 4023 1185 4078 honorem

65 4140 85 4169 ν
168 4132 270 4195 pentum
288 4126 426 4186 iderentee.
