3009 4725
328 423 414 466 cxxx
730 400 789 462 DE
815 395 935 474 POESJ

326 566 493 630 sitionibus
523 562 708 647 explicanda
737 539 815 643 sint,
852 566 950 630 veluti
972 566 1104 630 Vossius
1130 568 1166 632 in
1194 570 1351 635 hocloco

327 683 408 742 male
441 679 555 742 eximin
586 679 812 759 iuterpretatur
841 679 986 757 prasidio,
1024 681 1080 763 qui
1108 693 1213 762 tumen
1242 686 1351 764 paullo
1420 758 1424 762 ,

326 806 398 874 post
423 814 452 855 v.
473 793 613 853 descitum
635 804 666 851 et
690 797 718 852 in
739 796 818 853 trivio
842 792 923 853 bene
944 807 1147 875 pempexerat
1169 795 1229 857 sibi
1250 816 1351 878 oppo-

325 906 384 966 sita
407 925 483 965 esse.
538 901 599 964 Sed
630 915 664 964 tu
691 924 776 965 nunc
805 903 885 966 illud
911 908 1007 967 sentis
1029 907 1165 988 epitheto
1185 920 1351 970 interanei

324 1019 452 1098 mundio
479 1017 537 1078 etsi
568 1038 609 1078 ex
637 1028 751 1079 natura
780 1018 911 1080 istarum
939 1040 1047 1082 rerum
1075 1021 1189 1101 petita,
1222 1025 1350 1086 minime

323 1147 429 1197 tamen
448 1134 548 1196 otiosa
567 1145 598 1195 et
613 1131 773 1215 superflua
790 1154 872 1212 esse,
891 1133 947 1196 sed
964 1134 1123 1198 acuendae
1142 1139 1348 1219 oppositionis

325 1271 418 1313 causa
445 1246 550 1309 addito
579 1248 772 1328 praeclaram
800 1248 865 1309 vim
891 1248 1019 1312 habere.
1074 1249 1177 1312 Etiam
1204 1253 1240 1313 in
1268 1253 1347 1316 hoc:

409 1362 469 1424 Hic
491 1361 566 1442 quie
587 1360 678 1422 fortis
699 1356 788 1421 adest
812 1358 957 1438 audacis,
987 1361 1085 1443 cepit,
1116 1376 1147 1426 st
1167 1364 1215 1425 illi

450 1474 619 1554 Virgineus
640 1485 763 1535 teneras
785 1484 846 1535 stat
865 1473 972 1555 pudor
992 1488 1063 1536 ante
1084 1497 1194 1555 genas,

326 1588 396 1672 quis
419 1587 553 1649 otiosum
578 1585 661 1648 dicet
676 1585 781 1667 sortis,
809 1599 839 1648 et
859 1607 925 1648 non
946 1588 1058 1650 sentiat
1079 1591 1221 1654 consulto
1244 1586 1349 1670 dupli·

325 1714 424 1762 catam
453 1700 518 1762 vim
548 1699 685 1761 nominis
718 1710 850 1780 propter
881 1698 1138 1781 oppositionem?
1198 1701 1350 1764 Tenends

324 1816 402 1875 hsec
425 1813 603 1875 observatio
625 1812 780 1894 imprimis
801 1813 895 1874 etiam
916 1812 978 1893 ibi,
1006 1815 1063 1877 ubi
1087 1813 1214 1878 nonnisi
1235 1817 1349 1878 alteru-

325 1937 408 1988 trum
423 1918 670 1991 'substantivum
699 1923 852 1990 adiectivo
882 1939 1029 1991 ornatum
1060 1940 1122 2007 est,
1159 1942 1196 1993 ut
1225 1930 1259 1990 in
1288 1931 1349 1992 hoc

323 2042 355 2119 1,
376 2043 413 2120 4,
437 2047 497 2105 11:
1306 2109 1310 2116 ,

407 2156 468 2217 Hic
489 2156 600 2236 placet,
621 2154 759 2234 angustis
781 2152 866 2238 quod
884 2174 1000 2236 equum
1019 2154 1186 2234 compescit
1200 2154 1346 2220 habenis:

451 2268 511 2329 Hic
535 2265 689 2348 placidans
710 2268 804 2329 niveo
829 2277 956 2345 pectore
977 2265 1066 2344 pellit
1088 2243 1212 2346 nouam.

265 2402 269 2407 ·
324 2379 405 2443 Sunt
430 2378 494 2443 duo
521 2382 594 2445 satis
622 2393 698 2443 nota
724 2377 873 2438 exercitis
898 2397 1088 2456 puerorum,
1120 2390 1150 2439 et
1174 2378 1348 2460 opponitur

324 2514 408 2577 equo
427 2491 565 2578 (rapido)
583 2491 716 2555 habenis
734 2486 960 2570 compescendo
976 2488 1099 2571 placida
1115 2512 1206 2574 aqua.
1241 2489 1347 2567 Quare

323 2608 443 2671 fallitur
471 2604 652 2670 Huschkius
680 2601 957 2684 transpositionem
984 2608 1059 2664 niceo
1085 2607 1232 2687 placidam
1261 2626 1348 2671 com·

236 2786 238 2791 ,
323 2720 491 2796 mendane,
522 2730 553 2780 st
572 2716 707 2778 Vossius
727 2714 849 2796 facilem
878 2715 1046 2796 corrigens.
1094 2716 1168 2779 Non
1194 2720 1348 2799 fecissent,

323 2833 350 2895 si
384 2831 424 2893 ad
453 2852 545 2893 usum
578 2827 785 2910 oppositionis
818 2828 992 2891 accuratius
1022 2828 1225 2893 attendissent
1263 2830 1348 2914 apud

323 2959 458 3029 poetam.
506 2942 672 3005 Neminem
694 2939 821 3002 latuerit
841 2943 997 3023 oppositio
1018 2944 1053 3004 in
1074 2945 1134 3007 hoc
1156 2945 1187 3020 1,
1204 2952 1238 3021 8,
1251 2948 1311 3011 49:

409 3089 685 3108 -----
705 3073 806 3136 puero
830 3075 913 3137 quse
934 3055 1034 3134 gloria
1054 3055 1138 3121 uicto
1160 3054 1228 3120 esti

450 3171 487 3231 ln
509 3179 630 3230 veteres
654 3179 719 3228 esto
743 3163 839 3243 dure,
867 3169 991 3248 puella,
1014 3188 1121 3246 senes,

323 3288 395 3347 licet
424 3303 488 3344 vox
515 3304 604 3363 puero
632 3302 698 3344 non
720 3292 832 3342 ornata
857 3281 896 3344 sit
922 3282 1076 3364 epitheto,
1111 3294 1140 3343 st
1168 3303 1239 3344 cum
1262 3282 1293 3361 1,
1315 3291 1346 3360 2,

325 3408 378 3462 72.
400 3404 452 3458 73.
475 3398 569 3457 celeri
592 3415 675 3479 equo
704 3405 911 3477 opponuntur
937 3395 1046 3457 boves.
1094 3394 1157 3457 Sed
1184 3418 1281 3477 pergo
1307 3396 1347 3459 ad

325 3507 420 3573 aliud.
471 3508 554 3570 Nam
583 3520 709 3590 praeter
736 3507 932 3570 substantiva
960 3506 1029 3570 fieri
1056 3521 1159 3588 potest
1190 3522 1225 3570 ut
1254 3511 1347 3571 etiem

323 3630 423 3693 verbs
452 3626 595 3708 opposita
622 3628 701 3703 sint,
732 3637 763 3686 et
790 3623 840 3685 his
861 3644 925 3686 una
951 3623 1069 3687 nitatur
1094 3623 1142 3685 vis
1166 3616 1348 3686 sententiae.

323 3740 376 3803 sic
399 3742 429 3818 l,
449 3746 486 3817 2,
514 3744 571 3801 17:

407 3855 465 3917 Illa
488 3855 587 3927 favet,
614 3871 671 3913 seu
691 3851 763 3933 quis
786 3846 909 3913 iuvenis
931 3870 1014 3912 novo
1036 3845 1143 3909 limina
1166 3858 1293 3926 tentat,.

449 3966 513 4029 Seu
534 3975 653 4026 reserat
672 3962 736 4025 fixo
760 3960 852 4024 dente
876 3963 981 4044 puella
1003 3963 1105 4038 fores,

323 4102 375 4147 vv.
393 4082 490 4143 imina
509 4089 599 4140 untes
617 4088 649 4139 et
668 4087 776 4137 reserat
791 4074 873 4156 sores
892 4072 1035 4156 opposite
1057 4083 1130 4134 sunt
1149 4082 1185 4132 ut
1200 4074 1302 4131 iuvenis
1319 4083 1350 4132 et
