3009 4725
376 1024 717 1137 ALBII
800 1031 1313 1141 TIBULLI

484 1232 1198 1310 n1nnnunnu1us.

732 1422 945 1454 *-

673 1688 933 1753 ELEGIA
981 1690 1007 1753 Ι.

374 1776 530 1942 Mariis
555 1872 703 1947 Romani
726 1875 832 1949 festae
858 1901 978 1948 venere
1004 1872 1168 1947 kalendae

424 1996 611 2095 (Exoriens
637 2005 764 2078 nostris
790 2004 846 2078 hic
873 2003 936 2077 fuit
962 2031 1074 2078 annus
1097 2002 1212 2089 avis),

403 2221 597 2286 „Vsucsnnnus
613 2229 837 2282 Bennovnosnsm
855 2242 1031 2295 quoscumque
1049 2239 1139 2278 versus
1165 2237 1200 2274 ex
1218 2218 1265 2272 boc
1283 2219 1350 2271 libro

332 2316 429 2383 petitos
446 2322 537 2392 effert,
557 2325 623 2378 libro
641 2326 757 2379 secundo
772 2326 879 2378 Tibullii
894 2325 1008 2378 ascribit.
1046 2323 1112 2377 ‘Hic
1129 2321 1195 2374 liber
1212 2318 1349 2386 inscriptus

332 2412 422 2481 [immo
440 2420 568 2489 scriptus]
592 2422 694 2476 videtur
716 2423 846 2490 Lygdsmi
871 2425 988 2489 nomine,
1015 2423 1060 2490 qni
1083 2419 1187 2473 smsbst
1210 2417 1349 2471 Neaeram.

331 2515 428 2581 alioqui
446 2519 541 2570 smlcss
559 2519 657 2573 Tibulli
681 2522 751 2574 solss
770 2522 850 2589 duss,
875 2522 978 2574 Delium
1003 2526 1031 2573 et
1056 2519 1205 2581 Nemesim,
1232 2514 1351 2581 agnoscit

332 2614 454 2667 Ovidius’
472 2618 600 2673 Puccnus.
644 2620 719 2675 Hsec
736 2622 849 2675 carmine
874 2623 918 2688 qui
942 2621 1076 2673 Tibullum
1099 2616 1230 2685 Lygdsmi
1247 2614 1352 2667 nomine

331 2717 508 2783 composuisse
532 2728 654 2788 censent,
686 2722 734 2775 sed
759 2723 951 2776 odolescentem
980 2702 1091 2775 necdum
1117 2719 1150 2772 sd
1174 2735 1246 2783 mm,
1273 2731 1350 2784 quum

330 2812 398 2866 libro
423 2817 508 2884 primo
531 2819 658 2885 ostendit,
683 2823 805 2874 virtutem
830 2822 946 2885 enisum,
971 2836 1017 2872 eos
1041 2818 1101 2871 huic
1118 2825 1212 2887 poetae
1230 2812 1350 2868 iniuriam

330 2912 418 2968 fucere
437 2918 573 2983 existimo,
600 2934 691 2985 quem,
714 2927 775 2973 ante
792 2936 888 2973 ennom
905 2921 940 2973 eb
958 2937 984 2975 u.
1002 2938 1026 2973 c.
1045 2922 1108 2972 723.
1135 2919 1176 2987 (in
1194 2916 1262 2970 hunc
1280 2915 1348 2969 enlm

330 3018 433 3080 portem
451 3015 509 3067 libri
526 3016 602 3083 primi
619 3017 781 3072 referendum
800 3034 858 3074 esse
881 3019 996 3085 consul)
1015 3019 1185 3081 scribentem,
1213 3016 1288 3069 ulmis
1307 3015 1347 3066 iu·

330 3117 394 3178 epto
411 3114 519 3166 consilio
538 3116 658 3167 moritum
676 3116 796 3170 Neaerae
813 3123 902 3170 netum
920 3119 1026 3171 linxisse
1043 3118 1124 3170 veiint
1142 3116 1202 3167 belli
1216 3114 1349 3167 Mutinen-

329 3209 367 3263 sls
384 3216 502 3278 tempore
519 3212 566 3279 (5,
586 3213 651 3279 18),
669 3213 717 3268 hoc
736 3223 778 3268 eet
795 3221 849 3269 tum
870 3216 903 3269 sd
921 3231 1048 3269 summum
1066 3214 1251 3268 undecennem.
1265 3214 1350 3265 multo

331 3308 370 3362 bis
389 3313 486 3366 rectius
504 3312 634 3378 iudicent,
657 3315 702 3381 qni
719 3313 784 3368 haec
800 3314 912 3368 csrmins
931 3331 981 3367 non
999 3314 1106 3366 Tibullo
1124 3311 1170 3365 sed
1191 3312 1235 3363 slii
1252 3316 1349 3380 poetae

330 3411 470 3465 ascribunt.
493 3414 519 3465 ei
537 3408 707 3483 Lygdamum
732 3419 761 3466 ct
786 3414 869 3466 emico
892 3412 990 3466 Tibulli
1017 3408 1168 3463 mnndum
1190 3424 1283 3461 nomen
1306 3407 1350 3459 le·

330 3510 398 3561 cisse
421 3518 484 3578 puto
509 3512 552 3577 qni
578 3510 645 3565 hunc
668 3514 762 3565 librum
786 3528 847 3566 cum
871 3512 984 3565 secundo
1008 3516 1036 3561 et
1053 3514 1146 3573 quarto
1164 3507 1259 3573 edidit,
1286 3511 1347 3574 post

331 3607 430 3659 obitum
448 3608 560 3674 Tibulli,
584 3611 633 3663 nisi
653 3611 741 3663 isllor:
771 3617 843 3663 certe
860 3610 967 3661 Ovidius
984 3622 1068 3672 neque
1083 3607 1108 3656 in
1127 3604 1244 3673 epistolis
1262 3619 1348 3670 neque

331 3706 357 3756 in
384 3704 503 3773 epicedio
528 3705 625 3760 Tibulli
650 3723 685 3760 en
708 3711 746 3761 eis
771 3708 907 3774 quicquum
937 3704 1051 3756 imitatus
1077 3709 1132 3768 est,
1163 3701 1232 3769 quod
1260 3710 1348 3755 temen

330 3811 422 3873 postes
440 3819 518 3872 saepe
537 3802 604 3857 iecit.
632 3807 678 3859 sed
698 3805 739 3859 hic
759 3806 925 3872 Lygdamus,
944 3803 1061 3871 quisquis
1078 3801 1142 3868 fuit,
1170 3801 1196 3854 iu
1213 3817 1261 3854 usu
1281 3816 1346 3867 quo·

330 3903 437 3957 rundsm
456 3904 638 3956 vocabulorum
657 3921 674 3957 s
693 3905 799 3958 Tibullo
817 3905 934 3957 secessit.
960 3904 1016 3955 eius
1035 3902 1104 3955 modi
1123 3906 1177 3966 cel,
1194 3900 1263 3968 quod
1282 3900 1349 3951 ulter

332 4020 347 4051 o
363 4012 456 4069 pereas
475 4002 555 4067 elisit,
572 4003 638 4055 alter
656 4003 693 4052 ab
706 4014 816 4070 pereat,
835 4002 875 4055 bic
897 4004 1022 4070 particule
1040 4008 1132 4049 aulem
1148 4001 1244 4061 utitur,
1262 4015 1277 4049 a
1296 4012 1347 4063 qus

331 4101 374 4152 ille
393 4100 504 4152 abstinet
522 4097 600 4165 (lusce
620 4098 687 4150 enim
707 4098 867 4151 Huscnnus
886 4116 912 4167 p.
932 4103 985 4154 3³5
1004 4105 1030 4150 et
1049 4097 1161 4148 Vossius
1184 4113 1210 4162 p.
1227 4098 1280 4147 ste
1298 4092 1347 4146 ob·
