3009 4725
564 366 748 445 trudunt.
1096 413 1171 458 cm„

141 565 300 639 feruntur,
329 569 361 624 et
386 565 534 622 ornannn
556 573 682 636 rerum,
714 558 812 621 oculis
838 578 933 643 quum
953 560 1077 644 videas,
1108 589 1163 632 ex.

139 691 276 759 ponunt3
298 675 422 737 Tibulli
440 692 517 736 uero
535 669 766 752 descriptiones,
789 675 1013 755 ingeniosiores
1033 696 1063 745 et
1080 688 1162 748 mul·

139 793 250 872 tiplicis
278 790 421 869 generis,
450 783 587 847 reddunt
607 785 710 850 varias
734 806 801 863 res,
830 792 936 854 varios
961 816 1086 874 seusus,
1115 803 1161 862 al-

140 907 255 980 lectus,
276 903 498 983 cogitationes,
518 900 755 979 imaginationes
777 915 905 983 poetae,
931 921 966 970 ut
986 910 1048 972 sert
1069 935 1161 994 argu·

140 1031 282 1080 mentum
302 1017 484 1078 carminum.
534 1014 672 1076 Aecum
695 1018 871 1095 praeclaras
894 1020 1011 1087 formas
1035 1047 1162 1111 compo.

144 1135 265 1195 sitionis
284 1132 318 1193 in
337 1132 376 1193 iis
395 1129 510 1193 uideris
536 1151 649 1212 supra,
680 1127 859 1212 Lygdamus
884 1136 963 1200 nihil
982 1139 1163 1207 huiusmodi

145 1250 240 1310 habet
262 1247 458 1330 exquisitius,
485 1244 522 1306 in
551 1244 772 1328 sepulcralium
793 1267 869 1310 vero
898 1251 1018 1313 rituum
1048 1255 1163 1319 descri-

140 1363 250 1441 ptione
271 1362 363 1422 etiam
383 1357 514 1422 modum
536 1359 670 1420 excessit
690 1371 721 1420 et
745 1357 785 1422 ad
804 1361 974 1429 minutiora
993 1367 1163 1435 descendit.

140 1477 204 1536 Alii
229 1490 291 1539 tres
315 1476 378 1539 loci
405 1478 441 1538 in
472 1474 665 1537 carminibus
693 1480 727 1550 3,
750 1475 787 1550 4,
807 1480 837 1537 5.
860 1498 900 1540 ne
930 1494 1004 1543 sunt
1032 1483 1159 1567 quidem

141 1589 372 1672 descriptiones,
386 1588 444 1653 sed
457 1589 661 1670 repetitiones
677 1587 768 1651 unius
784 1593 953 1657 sententiae
967 1593 1005 1657 ad
1022 1597 1158 1663 taedium

143 1711 352 1771 continuatae.
400 1707 466 1769 Ubi
492 1708 605 1786 igitur,
638 1728 757 1789 quaero
784 1709 914 1789 iterum,
945 1714 999 1774 illa
1027 1738 1076 1780 ars
1104 1718 1159 1781 de-

142 1822 349 1902 scriptionum
364 1823 558 1900 Tibulliana,
578 1821 632 1882 illa
651 1822 799 1901 varietas,
819 1823 892 1885 illae
915 1830 1159 1916 coniunctiones,

141 1938 363 2019 oppositiones
386 1938 587 2016 complurium
611 1933 856 2016 descriptionum
883 1939 1046 2021 egregiae?
1098 1945 1161 2010 Sed

141 2049 411 2116 considerabimus
438 2046 571 2131 denique
599 2051 692 2111 etiam
720 2050 875 2130 reliquam
903 2057 1160 2134 compositionem

141 2169 255 2230 horum
285 2167 460 2228 carminum
489 2167 635 2229 breviter.
686 2165 743 2228 Est
772 2168 863 2227 etiarn
892 2166 970 2228 haec
998 2171 1161 2254 cicrsmodi,

141 2292 176 2341 ut
195 2301 351 2365 nusquam
372 2281 571 2362 Tibullianae
592 2292 765 2344 structurae
786 2282 989 2360 pulchritudo
1014 2305 1161 2371 expressa

143 2394 308 2471 habeatur,
345 2393 611 2477 quemadmodum
641 2395 731 2455 facile
761 2415 942 2477 cognoscas,
982 2402 1039 2463 ubi
1067 2415 1097 2464 te
1125 2408 1159 2467 in

144 2508 251 2568 talium
282 2529 388 2569 rerum
419 2508 556 2569 studium
586 2507 805 2583 insinuaveris.
865 2512 948 2574 Nam
981 2517 1082 2599 qualis
1113 2533 1160 2581 ast

139 2624 221 2685 ratio
238 2622 377 2702 exordii,
397 2626 515 2703 exitus,
533 2624 775 2704 divisioreliqui
793 2624 961 2691 carminis?
995 2632 1160 2697 Faciamus

140 2761 160 2799 a
183 2753 291 2823 quana
314 2741 412 2820 elegia
430 2741 567 2803 initium.
613 2741 769 2803 Versatur
791 2742 985 2819 querimonia
1007 2742 1159 2826 Lygdami

141 2854 275 2914 ornnino
300 2853 335 2915 in
359 2874 412 2932 eo,
438 2852 525 2936 quod
546 2852 687 2929 Neaera,
718 2871 800 2934 quae
824 2852 884 2913 sibi
910 2859 1159 2933 sponsalium,

137 2969 238 3031 alium
259 2969 363 3035 virum
386 2969 579 3048 praeferebat
606 2968 698 3049 eique
725 2968 846 3028 nubere
871 2967 1006 3029 volebat.
1055 2972 1160 3050 Atque

136 3084 200 3145 lroc
228 3086 364 3145 carmine
395 3084 553 3145 somnium
580 3083 683 3161 fingit,
716 3078 803 3164 quod
831 3083 967 3162 primum
994 3080 1160 3145 certiorem

134 3198 244 3259 iecerit
259 3195 300 3259 de
316 3194 397 3259 tristi
411 3217 462 3273 re,
483 3196 527 3258 ita
541 3216 618 3259 vero
636 3208 852 3276 argumentum
867 3208 986 3260 tractat.
1016 3196 1159 3262 Exordio

137 3324 285 3394 precabar
311 3326 347 3376 ut
375 3310 421 3374 dii
443 3313 574 3373 meliora
597 3311 700 3373 ferant
729 3333 787 3374 nec
808 3332 885 3375 vera
909 3312 970 3372 sint
995 3313 1160 3391 insomnia,

138 3449 221 3511 quae
256 3448 344 3506 aegro
376 3426 476 3493 credit
505 3441 538 3489 et
569 3431 676 3490 inania
707 3426 791 3489 dicit.
855 3427 922 3487 Iam
953 3430 1095 3513 sequitur
1125 3430 1160 3492 in

137 3542 244 3606 medio
267 3544 404 3607 carmine
431 3545 571 3605 narratio
594 3543 707 3606 somnii
732 3544 840 3625 ipsius.
890 3544 945 3606 Est
966 3545 1081 3627 Apollo
1104 3570 1160 3629 pa·

138 3668 250 3719 tronus
271 3670 452 3738 poetarum,
476 3660 531 3739 qui
553 3659 706 3739 apparuit.
746 3656 850 3718 Huius
874 3660 1011 3739 primum
1033 3662 1159 3723 habitus

138 3764 326 3832 describitur
345 3770 452 3831 multis
473 3773 593 3847 verbis,
616 3782 683 3830 tum
706 3773 839 3852 loquens
862 3770 938 3834 deus
961 3775 1086 3834 numiat
1109 3776 1161 3837 alii

140 3885 256 3947 nubere
283 3888 365 3949 velle
391 3887 565 3963 Neaeram,
605 3888 759 3949 consolari
788 3900 892 3949 tamen
923 3890 1016 3949 simul
1047 3886 1161 3965 studet,

138 4017 207 4061 cum
230 3999 315 4064 flecti
337 4005 459 4083 possint
485 4006 608 4086 puellae
633 4003 756 4067 blandis
778 4006 883 4066 verbis
907 4015 937 4065 et
962 4002 1088 4067 servitio
1111 4012 1174 4064 ste-¹

138 4106 225 4185 dido,
248 4112 374 4198 dicique
395 4118 485 4179 iubet
506 4118 597 4180 ctiam
614 4117 755 4181 Neaerae
777 4131 812 4180 ut
832 4119 959 4181 absistat
980 4140 999 4181 a
1019 4119 1160 4195 consilio,

852 4233 875 4292 h
