3009 4725
490 380 675 454 TIBULLI
710 380 795 454 ΠΒ.
817 385 842 456 l.
861 399 887 454 7.

503 595 762 662 ELEGIA
803 595 878 665 vn.

219 741 347 876 Hunc
373 796 529 874 cecinere
552 795 644 871 diem
667 796 797 872 Pareae
821 797 937 876 satalia
962 822 1081 881 nentes

271 929 442 1018 Stamina,
475 924 631 1002 nonulli
657 925 880 1004 dissoluenda
905 930 989 1022 deo;

223 1062 324 1164 lione
349 1058 441 1148 lore,
464 1055 656 1158 Aquitanas
682 1073 798 1158 posset
823 1059 883 1160 qui
903 1060 1048 1138 fundere
1073 1084 1201 1165 gentes,

277 1188 390 1287 Quem
416 1203 572 1262 tremeret
595 1186 677 1261 forti
700 1185 807 1262 milite
828 1188 936 1265 victus
960 1189 1058 1268 Atax.

199 1317 394 1393 aEvenere:
428 1343 537 1392 novos
563 1314 673 1418 pubes
699 1317 856 1393 Romana
880 1317 1072 1423 triumphos

274 1445 370 1520 Vidit
395 1463 428 1521 et
451 1445 603 1521 evinctos
627 1443 771 1520 brachia
796 1465 895 1549 capta
919 1447 1044 1525 (luceat

219 1576 264 1651 At
289 1594 320 1650 te
345 1575 500 1650 victrices
528 1574 663 1664 lauros,
694 1575 861 1668 Messala,
893 1598 1064 1678 gerentem

274 1705 439 1780 Portabat
461 1704 570 1780 nivelo
593 1732 715 1780 currus
737 1704 889 1782 eburnus
913 1709 1018 1811 equis.

228 1837 307 1909 Non
319 1834 393 1909 sine
404 1864 459 1910 mc
473 1837 594 1913 esttibi
607 1853 728 1935 partun
740 1836 872 1912 honos:
895 1838 1054 1915 Tarbella
1067 1841 1201 1947 Pyrene

186 1980 223 2037 10
280 1962 392 2038 Testis
418 1982 451 2039 et
476 1964 603 2041 Oceani
627 1964 728 2040 litora
754 1966 950 2057 Santonici,

215 2094 1202 2201 TestisArarRhodanusquecelermagnusqueGarumna,

272 2226 416 2303 Carnuti
440 2243 474 2301 et
495 2225 574 2303 ilaei
597 2227 733 2304 caerula
755 2227 897 2335 lympha
921 2229 1033 2331 Liger.

224 2356 354 2452 Ante,
388 2357 529 2466 Cydne,
561 2387 700 2453 canam,
733 2360 843 2437 tacitis
869 2362 928 2467 qui
955 2360 1076 2439 leniter
1098 2361 1202 2439 undis

276 2489 459 2566 Caeruleus
484 2488 631 2592 placidia
652 2517 715 2593 per
736 2492 824 2566 vada
849 2493 959 2596 serpis
981 2495 1099 2597 aquis,

186 2637 223 2694 15
231 2617 391 2717 Quantus
416 2637 450 2694 et
474 2619 623 2695 aetherio
650 2620 851 2719 contingens
877 2622 999 2696 vertice
1022 2624 1132 2698 nubes

277 2748 440 2850 Frigidus
461 2748 615 2825 intonsos
637 2751 774 2823 Taurus
801 2747 868 2822 alat
889 2747 1036 2823 Cilicas?

230 2878 326 2977 Quid
351 2878 508 2970 reseram,
533 2897 572 2955 ut
583 2878 700 2954 volitet
725 2878 863 2954 crebras
879 2878 1005 2950 intacta
1021 2903 1083 2976 per
1101 2876 1202 2951 urbes

277 3008 367 3084 Alba
389 3008 585 3084 Palaestino
611 3027 728 3084 sancta
755 3006 914 3083 columba
938 3006 1048 3111 Syro,

226 3138 338 3239 thue
363 3138 469 3213 maris
494 3155 627 3214 vastum
653 3155 846 3240 prospectet
871 3135 1024 3210 turribus
1051 3161 1179 3235 aequor

185 3287 224 3340 20
279 3267 395 3343 Prima
422 3287 528 3344 ratem
555 3269 662 3343 ventis
688 3269 826 3344 eredere
852 3267 953 3344 docta
977 3268 1114 3373 Tyros,

257 3500 290 3555 V.
304 3504 345 3556 ta.
370 3503 518 3556 carnuti
541 3504 700 3569 somnone,
727 3502 797 3572 qood
820 3516 889 3556 nune
913 3502 991 3554 etiem
1014 3499 1205 3553 Leontinum

185 3597 246 3653 mihi
273 3600 429 3667 significavit
450 3616 480 3655 ee
502 3601 628 3671 probare,
652 3603 697 3669 qni
714 3601 741 3654 iu
758 3617 805 3655 eue
823 3600 937 3655 editione
955 3597 1065 3651 carnoti
1083 3602 1205 3667 posuerat

183 3710 218 3748 ex
236 3696 316 3753 libris.
352 3698 487 3769 Excerpta
509 3700 637 3754 Falanio.
656 3699 786 3752 &enutio
803 3708 840 3756 et.
854 3726 892 3741 ·-
927 3699 960 3754 V.
972 3702 1015 3753 14.
1035 3698 1128 3750 Lectio
1145 3710 1205 3749 cor·

184 3801 269 3863 rupta.
316 3796 406 3864 Vulgo
431 3814 483 3851 uon
510 3800 603 3853 melion
629 3796 764 3851 Caeruleis
787 3796 923 3869 placidus.
968 3797 1088 3850 Praestat
1112 3792 1208 3845 ceteris

184 3892 275 3946 Vocon
302 3895 451 3949 emendatio
476 3896 601 3966 placidae
621 3924 658 3937 -
680 3913 778 3969 oquae.
799 3924 832 3935 -
878 3897 964 3951 v.16.
987 3895 1060 3945 alet
1084 3891 1118 3943 de
1142 3905 1206 3942 eon-

183 3992 283 4046 iectura
301 3993 457 4048 lnauoume,
495 3996 588 4050 Lectio
606 3997 710 4063 antiqua
728 4006 809 4061 oret,
826 4011 903 4065 quam
921 3994 1000 4048 etiem
1015 3992 1207 4045 Leonum·

182 4088 268 4143 hebet.
