3009 4725
320 401 373 476 46
621 395 807 471 TIBULLI
840 396 925 469 LlB.
948 396 989 468 11.
1003 412 1035 469 ³.

364 584 477 686 Saepe
500 580 641 656 horrere
666 608 785 657 sacros
811 581 923 658 doluit
947 582 1078 657 Latona
1104 582 1267 685 capillos,

415 729 514 828 Quos
540 726 709 804 admirata
736 746 787 803 est
810 729 887 831 ipsa
907 754 1053 802 noverca
1077 729 1183 830 prius.

322 868 535 970 25Quisquis
561 869 828 971 inornatumque
855 887 959 971 caput
985 870 1163 973 crinesque
1188 869 1316 945 solutos

414 1010 609 1114 Aspiceret‚
640 1011 774 1088 Phoebi
801 1028 981 1115 quaereret
1004 1010 1062 1086 ille
1087 1041 1229 1088 comam.

365 1153 470 1231 Delos
481 1153 652 1246 ubinunc,
666 1153 815 1245 Phoebe,
826 1171 953 1245 tuaest,
964 1153 1024 1228 ubi
1034 1155 1344 1262 DelphicaPytho?

413 1297 545 1399 Nempe
572 1324 669 1370 amor
693 1295 730 1369 in
755 1323 862 1397 parva
888 1314 921 1372 te
947 1296 1043 1373 iubet
1067 1326 1141 1374 esse
1163 1327 1251 1378 casa.

362 1436 492 1512 Felices
518 1438 617 1531 olim,
651 1438 776 1516 Veneri
802 1468 881 1515 curu
905 1439 1014 1514 fertur
1039 1458 1154 1543 aperte

323 1600 360 1655 30
417 1581 552 1658 Serrire
575 1599 730 1657 aeternos
756 1609 828 1656 non
854 1580 1020 1684 puduisse
1047 1580 1140 1656 deos.
1163 1557 1166 1564 ὁ

363 1723 497 1799 Fabula
521 1752 615 1799 nunc
637 1723 694 1798 ille
720 1740 788 1799 est:
808 1722 871 1798 sed
897 1723 952 1798 cui
979 1750 1140 1798 succure
1156 1718 1270 1823 puello
1286 1739 1346 1811 est,

414 1862 549 1940 Fabula
574 1866 621 1941 sit
643 1861 773 1940 mavult
797 1891 902 1966 quam
925 1863 1000 1938 eine
1026 1891 1142 1952 amore
1168 1861 1262 1937 deus.

365 2006 412 2080 At
435 2024 492 2097 tu,
522 2006 679 2110 quisquis
704 2007 735 2080 is
758 2033 812 2096 es,
841 2007 895 2081 cui
921 2007 1010 2079 tristi
1032 2007 1145 2079 fronte
1171 2001 1306 2103 Cupido
1338 2023 1342 2032 ·

411 2147 579 2244 Imperat,
612 2162 651 2216 ut
679 2161 798 2217 nostra
819 2145 888 2216 sint
914 2159 972 2215 tua
996 2158 1105 2215 castra
1129 2140 1251 2230 domo,

324 2526 494 2602 tsFerrea
503 2549 576 2597 uon
583 2524 764 2613 Venerem,
777 2520 840 2598 sed
851 2522 1027 2626 praedam,
1041 2524 1344 2605 saeculaluudant:

322 2712 328 2722 ·
417 2664 552 2742 Praeda
577 2683 689 2740 temen
717 2663 834 2740 multis
860 2682 911 2741 est
935 2660 1076 2769 operata
1101 2650 1209 2746 malis.

364 2812 498 2890 Praeda
523 2812 615 2887 feras
641 2811 731 2888 acies
755 2811 860 2887 cinxit
880 2811 1101 2890 discordibus
1128 2815 1249 2892 armis:

415 2954 506 3051 Hinc
530 2980 643 3044 cruor,
665 2950 748 3027 binc
771 2953 892 3029 caedes
908 2982 1002 3032 mors
1017 2957 1228 3062 propiorque
1244 2961 1344 3035 venit.
1408 3052 1414 3077 Ι

363 3096 498 3171 Praeda
523 3123 611 3195 vago
636 3092 737 3168 iussit
761 3095 936 3196 geminare
960 3098 1113 3202 periculo
1133 3118 1257 3204 ponto,

324 3257 362 3316 4ο
420 3239 550 3316 Bellica
576 3268 654 3315 cum
679 3239 796 3317 dubiis
821 3259 931 3317 rostro
958 3242 1054 3317 dedit
1077 3242 1217 3317 ratibus.

379 3497 412 3552 V.
423 3500 468 3551 et.
489 3499 549 3552 libri
569 3498 737 3569 Imperet,
759 3505 804 3554 ut.
839 3500 895 3555 Pro
915 3499 965 3555 hoo
982 3499 1061 3565 vulgo
1080 3498 1178 3566 tegitur
1195 3493 1344 3565 imperitat,

325 3597 426 3650 incerto
450 3602 566 3650 auctore.
609 3599 656 3653 Sic
676 3598 731 3652 vicu
756 3600 804 3652 est
821 3600 894 3653 finito
914 3598 1072 3653 constructio
1096 3612 1121 3650 v.
1139 3596 1245 3649 domo.
1288 3596 1344 3650 Sed

324 3698 423 3769 primur
453 3698 495 3752 At
518 3702 567 3765 tu,
599 3714 667 3753 uuuo
691 3706 782 3754 curent
803 3678 900 3757 verbo(
938 3700 1016 3752 Dicar
1041 3714 1089 3768 pro
1113 3698 1145 3755 lic
1170 3704 1263 3767 Postea
1285 3703 1345 3753 tuo

324 3804 444 3874 cartre
464 3796 619 3863 substituta,
651 3797 723 3852 dicae
746 3799 930 3852 allocutionem
952 3797 1089 3867 obreptum
1111 3798 1138 3851 io
1160 3798 1271 3863 ollecm,
1297 3796 1344 3851 red

323 3905 456 3967 utcunque
477 3899 609 3968 explices,
635 3895 704 3966 opud
723 3896 860 3963 Tibullum,
878 3896 940 3952 nihil
960 3898 1044 3952 simile
1064 3898 1194 3964 iuvenies,
1219 3897 1263 3964 qul
1280 3893 1346 3949 hece

323 4000 508 4057 allocutionem
532 4010 657 4065 nusquam
682 3996 738 4050 clue
763 3997 844 4052 verbo
867 4000 950 4069 pouit
994 3999 1085 4056 Quare
1108 3998 1200 4053 lucum
1223 3996 1346 4049 soluitur

323 4097 419 4185 verbe.
431 4104 443 4113 ’
