3009 4725
344 316 407 372 360
576 320 859 399 contulerim.
881 337 928 405 ΙΝ
951 341 1127 415 TlBULLI

345 480 389 535 iiie
410 498 473 540 vero
496 487 574 556 pinne
596 493 749 556 inconcinne
776 509 805 559 et
828 506 953 567 deformi·
978 521 1036 584 eet,
1063 520 1122 587 quie
1147 520 1225 575 medii
1242 528 1369 582 eermiete

344 587 474 641 ttructurn
490 591 566 646 nuc
602 597 681 653 Quod
705 606 802 659 sentiet
822 610 867 678 qui
890 617 1002 672 attendit
1025 620 1058 673 ed
1076 621 1257 691 dnpoutimee
1275 632 1371 696 poeti-

344 698 389 736 oer
417 689 558 747 oermirmm
586 702 615 748 et
639 697 756 757 dividere
781 717 855 764 reete
883 725 1035 783 argumenta
1061 719 1160 776 didicit.
1202 721 1243 775 Ne
1270 729 1367 794 muita,

344 789 445 836 constet
461 791 596 857 proponite
612 797 697 866 elegio
714 806 851 863 meuiierto
875 807 1004 868 dtiebur
1028 820 1164 874 omuino
1191 823 1365 887 pertibus.

343 880 445 937 Prior
466 889 500 939 eb
524 890 599 949 initio
616 897 649 951 ud
675 917 698 955 r.
717 907 762 958 2⁰.
787 922 837 960 une
855 916 1026 979 perpetuitate
1043 915 1158 969 decurrit
1179 925 1207 970 et
1226 926 1361 986 preeetio-

342 996 401 1035 uem
418 985 591 1059 Proserpinae
615 1014 674 1053 curn
698 1005 782 1056 mutin
805 1008 858 1060 ruir
882 1007 976 1074 bebet3
1002 1012 1135 1066 exordium
1154 1031 1171 1067 e
1188 1018 1357 1084 sequentibus

341 1085 456 1150 reparari
481 1093 579 1156 nequit.
622 1096 689 1151 Tum
713 1103 828 1167 nequitur
852 1107 968 1161 nitere
993 1125 1054 1178 pure
1078 1128 1140 1165 uu.
1157 1118 1202 1167 20.
1220 1115 1253 1168 ed
1269 1118 1360 1185 tuen,

341 1182 385 1235 ubi
403 1190 529 1254 repetitur
547 1198 673 1262 precatio,
689 1198 736 1252 red
752 1215 821 1255 nnnc
834 1205 940 1271 quidem
957 1223 1049 1263 omnen
1064 1210 1101 1265 dii
1120 1213 1198 1267 inferi
1217 1216 1361 1285 imploren-

340 1288 390 1349 tur,
409 1293 437 1338 et
452 1288 478 1340 in
497 1291 547 1344 dne
562 1295 639 1349 etium
656 1299 732 1351 unrici
749 1311 876 1368 rogentur
892 1312 922 1358 ut
940 1310 1067 1363 sacrificio
1085 1321 1246 1367 succurrant·
1283 1317 1362 1371 Quae

339 1386 441 1451 quidem
462 1390 580 1458 bipartite
596 1395 688 1451 divisio
706 1403 834 1469 terminio,
851 1406 902 1458 etei
919 1421 971 1460 nou
989 1414 1031 1461 eet
1048 1410 1204 1478 Tibuiiinue,
1227 1418 1313 1468 tomen
1332 1417 1359 1468 iu

339 1483 383 1534 teii
401 1497 554 1554 argumento
574 1495 675 1563 pincet3
702 1501 766 1567 quid
786 1504 854 1558 enirn
879 1506 907 1560 in
931 1508 1021 1562 mortis
1044 1516 1117 1563 metu
1142 1514 1226 1579 megin
1247 1529 1360 1569 conten·

338 1588 442 1638 terreum
470 1603 547 1654 quem
575 1593 670 1649 iterare
697 1615 790 1667 precer
815 1603 848 1656 ed
875 1603 940 1658 deor
967 1613 995 1660 et
1021 1606 1071 1663 bno
1096 1625 1220 1666 revocure
1250 1616 1359 1668 totum?

338 1678 409 1735 Meie
427 1699 490 1739 nero
507 1690 615 1746 eundem
634 1710 668 1748 ex
686 1701 842 1768 repetitione
860 1704 969 1761 formem
985 1709 1136 1777 Lygdamus
1154 1715 1232 1766 tertio
1249 1717 1358 1772 carmini
1397 1705 1402 1712 ⁹

337 1781 461 1853 adhibuit,
480 1789 525 1841 ubi
543 1808 620 1859 quem
637 1796 673 1851 eit
692 1800 778 1853 ieiune
795 1817 874 1872 rupte
892 1807 1011 1861 vidimus.
1047 1811 1113 1865 Post
1130 1810 1194 1867 haee
1210 1821 1240 1867 ut
1257 1815 1291 1868 de
1310 1833 1357 1871 ce·

337 1881 400 1934 terit
417 1898 583 1956 moneamur,
613 1908 665 1947 non
690 1895 768 1951 hebet
786 1900 889 1966 quidem
914 1908 1048 1974 proponite
1073 1911 1157 1977 elegit
1183 1913 1302 1967 effectum
1326 1923 1357 1970 et

337 1980 460 2050 impeturn
478 1986 576 2043 Tibuiii
600 1992 625 2045 in
643 1996 720 2050 simili
745 2015 807 2052 curu
826 2003 894 2070 eleg.
912 2004 933 2071 i,
951 2010 979 2063 3.
1001 2011 1183 2078 conopionem,
1207 2012 1254 2065 red
1272 2015 1354 2067 unito

336 2079 419 2134 leuior
438 2090 493 2151 ent,
521 2090 605 2144 minue
623 2098 707 2147 temen
727 2098 753 2149 iu
771 2114 820 2151 eno
843 2117 941 2167 genere
959 2105 1082 2174 diepiicet
1100 2108 1172 2174 eiiie,
1196 2110 1274 2163 immo
1290 2126 1353 2164 enu-

335 2194 393 2231 rem
411 2180 520 2237 dicimur
538 2191 726 2258 oppositionem
749 2197 889 2252 amicorum
912 2202 1071 2270 feliciorem,
1097 2208 1141 2273 qui
1159 2206 1264 2261 thermis
1280 2210 1353 2262 min·

335 2280 424 2336 bribue
440 2290 560 2353 utuntur,
587 2295 614 2342 et
639 2300 733 2358 poetae
751 2294 821 2348 domi
844 2299 937 2353 morbo
955 2302 1103 2359 iuberentie.
1148 2308 1208 2361 lure
1226 2325 1351 2367 verere-

335 2381 478 2449 prehendet
495 2387 564 2451 qood
582 2389 607 2440 in
625 2397 870 2450 commemoratione
890 2401 1035 2469 eceienrm,
1061 2421 1131 2471 queo
1148 2421 1199 2459 nou
1217 2410 1353 2462 commire-

334 2479 385 2546 rit,
402 2481 494 2534 uirniue
512 2489 568 2549 αἱς
591 2488 718 2544 accedunt
732 2492 783 2546 elie
801 2495 1002 2564 reprehensione
1018 2503 1098 2570 digne
1115 2505 1142 2559 iu
1159 2508 1270 2576 singuiis
1287 2510 1353 2564 ionio

334 2580 525 2651 compluribus,
548 2584 582 2641 de
599 2589 692 2659 quinio
711 2593 738 2649 in
755 2594 938 2669 Explicetioue
955 2601 1061 2658 dictum

726 2838 946 2858 Μ
970 2842 973 2855 Ι

705 3052 973 3124 EXPLICATIO.

402 3287 433 3341 V.
459 3295 562 3349 1-20.
611 3293 713 3350 Prior
743 3315 821 3369 pere
858 3308 1030 3362 curmiuie.
1079 3309 1187 3364 Amici
1219 3316 1347 3381 poetae

328 3379 408 3434 dum
426 3386 565 3446 tiuermie
583 3398 783 3457 reinbribur
801 3403 966 3461 Etrurine
984 3415 1146 3477 utuntur,
1171 3414 1250 3482 ipre
1267 3429 1346 3481 qne-

326 3485 416 3537 ritur
440 3497 578 3547 mortem
602 3499 668 3552 eibi
692 3501 878 3561 imminere.
923 3509 1009 3565 Oret
1033 3509 1140 3576 igitur
1163 3512 1345 3582 Prorerpi-

325 3590 451 3641 namot
474 3598 595 3655 percat
616 3597 698 3665 ribi,
721 3603 779 3669 qui
805 3602 891 3659 nibii
916 3608 1083 3661 meruerit
1107 3608 1272 3664 etudine
1295 3611 1347 3663 in-

324 3687 498 3747 venierit.

394 3787 426 3840 V.
446 3793 461 3840 1
479 3804 519 3858 eq.
543 3801 655 3849 menet
677 3813 765 3865 quae
790 3802 944 3859 tontibus
969 3805 1063 3860 unde.
1099 3807 1262 3863 Huronnmu
1278 3821 1346 3861 cou-

322 3883 373 3939 fett
391 3888 505 3945 Vnuu.
530 3891 589 3947 cni.
609 3899 674 3950 lide
699 3898 758 3951 Hie
782 3899 894 3955 suberat
916 3903 1015 3975 gotidii
1038 3923 1153 3961 merrom
1176 3926 1192 3958 e
1212 3905 1346 3979 fontibeu

321 3988 405 4044 undo.
448 3993 564 4048 Voenroe
588 3996 644 4052 eine
669 4010 749 4071 cunei
774 4002 908 4055 mutibus
933 4008 1080 4075 ecripreret
1099 4032 1136 4049 -·
1170 4007 1343 4063 iitrueeit.

318 4086 433 4144 Anuotet
449 4092 594 4152 Hnrnuuee
622 4099 742 4167 „Habuit
764 4102 827 4160 olim
845 4110 873 4157 nt
897 4119 965 4161 nunc
983 4106 1088 4164 Etruria
1110 4123 1192 4178 eonor
1216 4106 1337 4163 ruiubret
