3009 4725
473 406 581 468 nunu.
605 408 628 468 ι.
672 406 793 471 nnnc.
818 393 859 471 vi
1122 415 1182 472 121

165 599 228 637 vern
246 588 293 636 est
330 578 433 633 Etenim
452 580 499 632 loti
518 581 583 646 porti
601 576 763 632 antecedenti
782 578 872 633 subest
887 581 1001 647 querela,
1019 578 1088 647 qnod
1105 579 1185 632 dese-

165 683 247 736 ruerit
263 682 346 749 ipsum
366 679 449 732 llelin.
492 677 585 732 Vidisti
612 677 793 732 lamentantem
816 659 887 746 quod
905 687 965 734 roto
983 679 1133 733 suavissimo
1151 678 1185 732 de

166 783 218 834 vita
251 778 349 833 roslioa
373 790 434 831 cnm
459 793 492 830 ea
514 777 679 845 lrsusigendu
703 793 771 833 nuuc
794 787 886 833 ventus
903 781 998 846 iactet,
1022 779 1186 846 ostenditque

165 880 235 933 nulls
259 879 285 931 vl
310 875 447 930 dolebilem
473 890 532 929 esse
557 874 675 930 dolorem
696 878 812 932 iacturae
835 878 1041 947 desideriumque
1073 880 1183 949 puellae·

166 983 253 1047 Atque
271 979 321 1033 hoc
346 978 393 1031 tali
412 993 490 1031 seusu
508 978 600 1046 plenus
616 978 704 1045 quidni
723 985 795 1032 recte
813 988 918 1049 pergat:
945 982 1000 1033 Hie
1017 981 1084 1050 fons
1100 979 1188 1033 meln-

167 1099 228 1133 rum
245 1078 319 1135 mili,
336 1077 409 1149 qood
426 1077 499 1129 dives
516 1061 622 1130 condior
639 1078 663 1128 ei
680 1077 760 1132 odeat
773 1089 801 1132 st
822 1079 885 1132 lena
898 1081 1034 1151 pessima!
1069 1048 1187 1151 Abruptd

169 1180 234 1233 haee
251 1179 327 1233 uobis
344 1181 427 1248 primo
443 1177 569 1247 adspectu
586 1177 667 1232 sideri
691 1185 817 1248 possunt,
844 1181 867 1233 sl
890 1196 942 1233 nnn
961 1181 1117 1235 attendimus
1140 1196 1187 1233 sc·

168 1280 297 1344 cuntium
324 1293 375 1332 non
401 1284 522 1349 poterant
546 1285 655 1347 postue,
681 1286 738 1333 toto
766 1282 851 1334 animo
875 1283 1000 1334 iacturum
1023 1296 1096 1334 susm
1114 1281 1188 1348 cogi-

169 1382 242 1435 tanti.
277 1381 338 1447 Hic,
357 1395 407 1448 qna
425 1387 483 1434 erat
500 1379 744 1456 uivida-phantesm
768 1382 872 1450 saepius
888 1397 904 1433 a
919 1397 1019 1434 summa
1033 1379 1188 1433 anteceden-

169 1482 233 1534 tium
251 1481 422 1549 proficiscitur
445 1480 479 1535 ad
501 1496 595 1535 novum
612 1497 698 1536 rerum
721 1489 836 1551 partem,
854 1482 1068 1550 quemadmodum
1088 1496 1157 1534 nunc
1173 1496 1189 1533 a

147 1583 425 1649 cogitationem,
452 1581 522 1650 quod
549 1582 661 1651 potitum,
698 1584 785 1653 pergit
808 1601 867 1637 cum
885 1585 980 1638 affectu
997 1584 1031 1637 ad
1054 1599 1145 1638 causas
1162 1589 1191 1636 et

171 1687 292 1734 auctores
314 1682 370 1735 eius
393 1680 592 1750 aggrediendus.
647 1682 707 1735 Dixi
732 1681 765 1736 de
785 1681 834 1736 hoc
858 1699 954 1750 genere
976 1684 1097 1737 transitus
1120 1680 1190 1750 apud

172 1781 305 1835 Tibullum
321 1782 348 1835 in
370 1783 421 1835 tine
439 1783 634 1837 Dissertationis
662 1782 696 1835 de
713 1781 869 1837 Elocutione
893 1789 996 1852 poetae·
1037 1785 1103 1836 Post
1125 1781 1189 1836 haec

173 1896 224 1933 non
243 1880 305 1945 erit,
322 1896 415 1949 spero,
433 1881 478 1948 qul
495 1888 645 1952 corruptum
664 1880 759 1937 habeat
776 1881 843 1936 hunc
861 1883 945 1936 locum
963 1889 1009 1936 sut
1026 1884 1185 1939 lacunosum.

173 1984 212 2035 Ac
236 1982 342 2051 pluralis
369 1981 452 2037 liaeo
475 1984 591 2053 positus,
618 1999 677 2036 cum
696 1984 764 2037 duae
783 2001 825 2038 res
850 1993 990 2053 sequnntur
1007 2002 1074 2054 quae
1091 2000 1190 2038 nocue·

173 2085 238 2149 rint,
264 2089 294 2137 ut
310 2083 410 2137 monuit
425 2083 477 2136 ism
493 2083 754 2150 timotianorum,
781 2084 923 2152 asyndeton
949 2099 1011 2139 vero
1036 2084 1138 2138 sdest
1153 2108 1191 2126 -

173 2183 266 2236 venit
291 2198 341 2236 nou
366 2183 428 2236 ferri
451 2189 551 2237 tuntum
576 2189 677 2254 potest,
702 2185 749 2238 sed
768 2187 865 2255 optimo
883 2184 960 2239 labet
982 2186 1008 2238 iu
1033 2184 1083 2239 lucc
1101 2186 1190 2252 rigore

174 2284 463 2338 staffeetuorstlunis.
497 2283 604 2336 Dictum
622 2288 708 2337 sutem
733 2284 836 2337 Venit
860 2285 894 2337 in
919 2286 1062 2338 exitium
1084 2299 1189 2336 meum

175 2397 214 2451 pr.
225 2384 295 2437 venit
311 2382 345 2435 ad
363 2382 577 2451 corrumpendam
591 2381 700 2437 Deliam.
710 2410 746 2424 -
763 2384 796 2437 ll.
812 2387 847 2437 49
857 2400 913 2452 sqq.
931 2384 1055 2439 Succedit
1068 2398 1190 2437 exsecra-

56 2530 70 2539 ,
176 2484 214 2535 tlo
231 2484 481 2551 monstrosissima,
498 2483 572 2536 cuius
586 2500 673 2537 uerum
695 2486 821 2538 rationem
838 2501 890 2539 non
907 2488 1018 2540 assecuti
1035 2493 1096 2540 sunt
1111 2486 1193 2539 iuter·

178 2586 274 2649 preter·
315 2581 394 2638 Quod
419 2583 487 2635 enim
504 2585 640 2652 aliquoties
657 2600 736 2654 suprs
760 2585 869 2649 monuir
888 2585 1026 2638 tenendum
1049 2586 1126 2640 etism
1151 2585 1193 2639 hic

177 2684 233 2746 est,
270 2695 378 2748 poenam
402 2681 534 2746 ingeniose
559 2683 779 2736 accommodatam
796 2681 896 2735 crimini
913 2697 979 2736 esse.
1023 2683 1089 2737 Erat
1106 2691 1194 2739 sutem

176 2794 257 2848 rapax
275 2781 335 2833 lena
353 2778 392 2847 (s.
407 2779 475 2848 lili),
494 2795 576 2848 quare
594 2788 622 2833 et
639 2781 705 2833 allos
720 2795 801 2849 saepe
818 2778 938 2832 mercede
958 2777 1085 2832 conducta
1101 2797 1193 2835 corru-

176 2887 251 2951 perst
276 2881 375 2950 puellas
399 2887 427 2936 et
451 2898 535 2951 nuper
552 2883 663 2935 Delium.
706 2881 761 2934 Pro
786 2896 837 2948 qus
863 2879 974 2949 pessima
998 2876 1104 2931 auaritia
1130 2877 1194 2944 quld
1255 2912 1263 2923 .
1299 2916 1303 2923 .

178 2985 325 3039 merebatur
338 2983 417 3051 alind,
444 2999 524 3051 quam
542 2989 573 3037 ut
590 2985 665 3052 inops
684 2988 712 3037 et
729 2998 812 3050 egeus
828 2984 855 3036 ln
874 2989 1005 3052 posterum
1022 2978 1090 3032 lame
1107 2984 1136 3032 et
1151 2978 1195 3031 sitl

177 3087 370 3142 excruciaretur
389 3085 558 3140 saevissima?
594 3085 671 3139 Nunc
694 3086 753 3140 vide
782 3092 892 3154 poetam.
912 3111 948 3123 -
973 3082 1194 3149 Sanguineas

179 3185 258 3237 edat
275 3186 337 3239 illa
354 3187 477 3257 dapes,
493 3187 518 3240 lr.
537 3203 562 3241 e.
579 3189 663 3256 rapiat
681 3192 708 3238 et
725 3186 832 3240 devoret
849 3186 942 3239 crudas
959 3199 1064 3247 carnes,
1081 3183 1104 3236 si
1121 3181 1195 3234 inse-

179 3282 261 3348 uerit‚
286 3285 319 3336 ad
336 3286 478 3339 sudandam
495 3278 604 3353 iamenu,
628 3293 732 3355 atquc
756 3302 816 3340 ore
833 3291 978 3340 cruento
997 3299 1030 3337 ex
1047 3281 1127 3335 cruda
1145 3282 1195 3335 ista

179 3394 273 3450 carue,
300 3383 369 3450 quod
395 3400 489 3452 mogus
514 3400 573 3439 cum
599 3388 625 3440 vi
651 3387 792 3456 repetitur,
819 3385 942 3454 pocula
969 3398 1053 3450 uquue
1076 3382 1195 3435 tristis

179 3483 274 3537 hibet
302 3499 375 3537 cnm
402 3489 510 3541 multo
537 3487 627 3541 tolle
653 3487 687 3541 ad
711 3487 781 3539 sitim
805 3483 959 3553 explendam
984 3497 1035 3535 uon
1063 3483 1195 3536 minorem.
1240 3486 1248 3495 '

179 3582 226 3636 Ful
244 3591 285 3639 est
302 3586 454 3642 amarissimi
472 3596 581 3656 gustus,
607 3593 686 3657 atqne
702 3594 733 3641 ut
749 3588 816 3640 alias
840 3592 941 3639 scotum
965 3600 1024 3639 cnm
1041 3600 1108 3653 equa
1128 3586 1195 3638 mix·

180 3686 235 3733 turu
252 3683 310 3736 sitis
327 3684 415 3739 ardori
432 3687 622 3755 exsilugueudo
639 3687 761 3752 inservit,
789 3687 828 3738 sic
845 3687 904 3737 iens
922 3685 971 3751 iel,
999 3686 1042 3739 nbi
1061 3686 1196 3751 invenerit,

180 3779 326 3835 animalium
351 3790 522 3842 mactatorum
546 3787 647 3842 hauriat
670 3802 753 3855 aquae
785 3787 905 3839 inlusum,
942 3786 1020 3842 Quod
1043 3785 1116 3838 vides
1139 3783 1196 3851 ipse

180 3892 258 3946 quam
276 3882 418 3937 sarcnstlce
435 3884 532 3942 dictum
550 3889 592 3942 sit.
628 3888 750 3940 Ceterum
769 3884 863 3938 tristia
880 3890 1058 3947 sumamma,
1087 3888 1116 3934 ut
1134 3880 1197 3934 sotis

180 3985 289 4032 onustat
326 3982 466 4040 Postremo
486 3991 569 4043 notari
594 3995 681 4059 potest
705 3981 1143 4047 etisumussmus1v‚s‚n.
1170 3985 1198 4034 et

179 4077 305 4133 Osunsnrr
324 4083 429 4152 dmnrr.
445 4085 468 4151 Ι,
489 4091 515 4153 n,
534 4089 577 4143 dn.
595 4089 664 4142 sitim
677 4087 813 4157 imprecari
832 4085 903 4146 leuis,
922 4082 955 4134 de
974 4082 1068 4147 quibus
1086 4081 1197 4147 loquun-

178 4181 229 4242 ῐῑῐῐ,
248 4178 351 4235 illinit·
371 4208 407 4222 ···
435 4185 562 4255 vmlsq.
582 4185 676 4240 Hauc
694 4187 839 4240 volitent
856 4184 987 4237 animos
1005 4181 1199 4247 circumsqq.
