3009 4725
294 447 383 510 ·nvut
723 420 780 481 DE
802 417 922 484 POESI

308 596 469 681 plerisque
490 592 637 656 omuibus
660 587 837 654 admirabili
858 589 891 655 vi
913 585 1080 654 affectuum
1101 593 1266 655 laetaberis
1287 605 1328 655 ex

308 711 419 773 intimo
449 720 576 789 pectore
606 705 765 786 proiecta,
794 724 852 766 nec
875 701 998 766 detrahi
1019 705 1192 790 quidquam
1211 718 1328 768 temere

306 823 435 905 patieris
465 820 503 884 de
533 821 669 900 genuina
696 821 887 902 praestantia
904 820 1009 910 =lruiue
1038 841 1187 902 poeeeoe,
1222 820 1328 885 nativa

306 938 436 1000 veritate
464 957 614 998 rensuum
642 948 807 1019 tantopere
837 939 1035 1019 conspicuae.
1091 934 1244 1000 Vividum
1272 935 1327 1000 ad·

306 1049 436 1111 modum
456 1061 570 1112 natura
591 1062 658 1111 erat
672 1049 834 1129 ingenium
851 1050 971 1112 Tibulli
990 1063 1021 1113 et
1040 1053 1191 1132 proprius
1213 1062 1260 1113 eet
1278 1052 1328 1112 hie

306 1165 411 1243 elegiie
438 1163 569 1245 ineignie
601 1161 729 1247 quidam
761 1163 852 1242 vigor
880 1165 1065 1243 affectuum,
1099 1184 1194 1245 quem
1224 1164 1329 1226 omnia

305 1277 454 1359 disticha,
485 1285 593 1342 umnec
614 1300 724 1344 vcreue
748 1278 918 1343 ostendunt
939 1281 1132 1356 luculenter,
1157 1299 1215 1341 nec
1236 1300 1327 1360 repe·

306 1396 369 1457 riae
391 1396 487 1457 alium
515 1408 643 1478 poetam
671 1398 840 1478 elegiacum
867 1417 976 1479 parem
1002 1396 1032 1457 ei
1052 1395 1087 1456 in
1107 1397 1177 1457 hoo.
1226 1391 1328 1455 Sentit

306 1505 394 1591 quod
415 1511 509 1570 sentit
528 1520 595 1571 toto
616 1522 761 1593 pectore3
783 1521 866 1570 amat
887 1528 983 1589 quam
1004 1520 1087 1568 amat
1105 1509 1246 1600 penitus,
1267 1528 1325 1568 neo

305 1624 380 1685 aliae
401 1621 541 1687 laudarit
561 1624 671 1702 simul,
699 1620 757 1684 sed
783 1622 841 1683 uni
862 1619 985 1682 deditus
1007 1621 1068 1682 fuit
1087 1631 1172 1682 totus
1193 1640 1326 1702 semper,

305 1734 404 1800 donec
426 1758 485 1819 per
506 1738 644 1819 puellam
671 1736 789 1798 liceret.
838 1732 904 1796 Ubi
929 1753 1009 1797 vero
1039 1732 1172 1798 adversa
1198 1735 1327 1797 fortuna

305 1853 420 1915 amoris
442 1865 505 1931 eat,
527 1872 594 1915 non
614 1851 745 1929 leviter,
774 1848 830 1912 eed
850 1851 1003 1930 graviter,
1032 1850 1211 1929 mavueime
1233 1848 1326 1928 dolet,
1399 1885 1409 1904 .

304 1978 335 2028 et
363 1988 531 2049 erumpens
560 1969 689 2050 querela
714 1964 854 2028 {luminis
878 1965 978 2027 inetar
998 1964 1120 2046 copiosi
1139 1959 1327 2027 diffunditur

302 2081 337 2142 in
359 2102 468 2144 omnes
488 2095 604 2164 partes.
651 2083 755 2162 Atque
776 2101 818 2141 ex
839 2083 899 2142 hoc
921 2080 1048 2144 fervore
1069 2081 1231 2161 praeclaro
1252 2099 1323 2140 een·
1388 2101 1392 2108 ·

303 2215 395 2262 emm
417 2196 601 2275 explicanda
624 2215 768 2274 magnam
789 2208 929 2276 partem,
956 2195 1116 2259 utstatim
1138 2191 1322 2269 videbimus,

302 2309 488 2391 compositio
511 2310 679 2389 elegiarum
702 2312 830 2391 Tibulli,
852 2334 930 2398 quas
953 2310 1008 2393 qui
1028 2307 1219 2386 negligenter
1239 2318 1323 2370 atru-

303 2435 383 2500 otao,
404 2423 510 2485 multia
531 2423 566 2485 in
588 2426 665 2486 locis
687 2446 774 2486 nexu
797 2438 945 2500 carentes,
968 2424 1085 2484 unitate
1106 2441 1215 2482 rerum
1231 2442 1323 2483 accu-

302 2548 371 2599 rata
393 2534 554 2601 destitutae
583 2537 749 2619 dixerunt,
779 2538 882 2619 specie
903 2536 1024 2616 decepti
1045 2546 1135 2612 eunt,
1169 2555 1227 2596 neo
1249 2535 1322 2596 eatis

301 2662 532 2733 penpexerunt
561 2651 705 2716 ordinem
731 2653 901 2735 pulchrum
921 2650 957 2712 in
977 2651 1038 2711 hoc
1059 2659 1149 2710 motu
1169 2647 1322 2710 liberiori.

302 2760 447 2823 Debetur
461 2760 563 2826 eidem
575 2762 695 2826 fervori
714 2762 843 2825 omnino
861 2774 989 2841 vegetus
1009 2761 1112 2836 color,
1133 2760 1217 2822 nitor
1231 2779 1324 2840 prae·
1435 2790 1448 2815 ·

302 2876 403 2938 clama
432 2895 539 2937 rerum
569 2888 599 2938 et
626 2877 814 2951 verborum,
850 2876 906 2955 qui
933 2877 986 2938 vel
1014 2875 1127 2935 leviter
1153 2871 1326 2935 attendenti

275 3007 285 3025 ·
299 2989 410 3051 lectori
424 2991 544 3073 ubique
560 2990 595 3051 in
611 2990 669 3081 ipae
683 2987 773 3069 poeei
788 3005 820 3046 ee
843 2985 952 3064 offert3
974 2983 1163 3063 languidam,
1184 2985 1323 3062 fractam,

299 3102 439 3165 ieiunam
460 3123 552 3165 nemo
575 3101 655 3164 dixit
676 3098 906 3180 querimoniam
926 3096 1062 3175 Tibulli,
1085 3110 1160 3160 eunt
1180 3120 1323 3179 nervom,

302 3226 465 3294 contenta,
485 3216 639 3291 mascula,
661 3213 752 3294 quari
773 3213 838 3274 vita
857 3213 953 3294 plena
974 3213 1091 3274 omnia.
1140 3213 1242 3276 Etiam
1262 3214 1323 3277 hoc

270 3334 283 3355 '
300 3328 393 3407 ‹piale
416 3328 455 3389 eit
476 3347 643 3408 cognosces
663 3327 748 3391 inira
769 3331 877 3410 paullo
898 3330 1042 3411 propius,
1062 3331 1119 3391 ubi
1137 3328 1209 3392 data
1226 3351 1323 3411 opera

301 3436 340 3499 de
362 3439 546 3503 elocutionis
567 3442 765 3505 Tibullianae
792 3442 910 3507 virtute
939 3442 1069 3506 dicetur.
1118 3444 1203 3506 Talis
1223 3456 1270 3507 eet
1292 3456 1323 3504 et

301 3553 381 3614 tanti
403 3555 555 3615 momenti
575 3555 610 3616 in
632 3557 690 3618 hac
711 3556 803 3637 poesi
823 3557 973 3639 proprius
994 3559 1046 3618 ille
1068 3558 1175 3622 fervor
1195 3556 1321 3632 Tibulli,

302 3687 367 3749 quo
389 3667 468 3729 nibil
488 3668 611 3749 verius,
638 3671 717 3733 nilril
739 3674 844 3735 nrinue
867 3672 972 3734 licmm
993 3673 1054 3734 luit
1076 3693 1224 3755 unquam.
1266 3671 1322 3734 At·

304 3805 366 3867 que
388 3787 465 3849 baec
492 3786 653 3851 hactenus.
704 3785 843 3867 Ompino
866 3788 1057 3851 absolvimur
1079 3810 1163 3850 nunc
1185 3789 1323 3870 quaein

302 3902 362 3963 hoc
388 3903 488 3981 capite
511 3900 730 3986 disputationis
757 3903 796 3965 de
818 3902 936 3965 Tibulli
959 3902 1052 3966 laude
1073 3900 1204 3965 dicenda
1226 3905 1322 3966 habe·

301 4016 420 4089 bantur,
443 4030 473 4079 et
494 4039 654 4099 speramus
675 4016 756 4083 nihil
777 4018 864 4102 quod
885 4021 1010 4100 gravina
1032 4021 1070 4081 eit
1093 4019 1251 4080 omissum.

387 4128 494 4192 Restat
523 4152 599 4197 vero
631 4146 665 4194 ut
694 4114 787 4197 eliam
817 4132 855 4195 de
876 4133 1024 4214 Lmdamo
1046 4127 1185 4205 dicatur,
1222 4149 1322 4211 quan-
