3009 4725
316 361 358 417 50
552 348 832 418 COMMENTAR.
854 350 900 414 IN
922 352 1094 415 TlBULLl

318 527 484 591 affirmantis,
508 525 555 577 sed
573 523 652 578 habet
669 524 746 578 simui
765 510 833 594 ἦθος
850 524 960 593 ulique,
986 540 1036 580 neo
1052 527 1108 579 sine
1126 528 1237 594 quodam
1256 530 1333 583 animi

317 641 394 680 sensu
416 626 467 678 dici
493 625 595 678 videtur
618 641 740 692 unquam.
776 626 822 680 Sle
846 641 914 680 nuno
939 628 965 680 iu
983 643 1013 680 re
1030 628 1094 680 mlrs
1119 628 1240 697 ponitur,
1269 632 1333 685 alins

318 727 486 779 acerbitatem
504 722 627 776 habetet
644 725 753 778 ironiam
770 732 817 778 ant
834 724 1007 791 hilaritatem,
1032 725 1161 792 dolorem,
1184 727 1334 781 exeusatio-

317 841 393 890 nem,
419 825 553 877 audaciam
572 793 895 891 (0v1n.Mat.'iui,⁵u.
914 823 973 892 66.)
999 829 1027 875 et
1050 838 1117 891 quae
1137 832 1196 876 sunt
1219 826 1278 877 alia.
1296 855 1333 865 -

318 924 494 992 cantibus,
511 920 627 974 adiubito
645 928 708 990 puts
725 922 801 973 simul
819 921 922 974 turbiue
939 922 1050 988 magico,
1068 919 1103 975 el.
1118 923 1228 978 Honsr.
1246 924 1334 992 Epod.

264 1061 269 1074 .
318 1025 448 1090 xv11‚o.
467 1030 546 1077 t.-
574 1022 708 1088 herbis,
734 1022 839 1090 potione
857 1028 956 1091 parata.
993 1023 1043 1076 His
1061 1024 1142 1091 igitur
1160 1028 1237 1080 rebus
1257 1044 1334 1096 opem

318 1126 487 1194 promiserat,
512 1128 539 1176 et
555 1125 688 1192 inceperat
706 1124 759 1176 inm
775 1138 840 1176 rem·
858 1149 893 1162 -
912 1124 946 1178 V·
965 1127 1011 1177 66.
1029 1126 1184 1191 soluere,
1203 1128 1335 1195 proprium

319 1228 345 1277 in
363 1223 411 1277 iae
435 1240 479 1289 re,
508 1222 543 1276 cf.
560 1223 739 1275 Buouoruus.
762 1223 796 1275 ad
814 1220 839 1275 h.
857 1225 877 1275 l.
905 1229 932 1275 et
957 1224 1105 1291 interprett.
1123 1226 1156 1278 sd
1173 1226 1294 1294 Propert
1312 1228 1334 1294 l,

319 1326 346 1388 4,
364 1326 409 1380 lli.
427 1347 462 1363 -
491 1326 525 1375 et
542 1336 589 1374 me
608 1321 781 1373 lustravit
798 1319 929 1386 taedis,
956 1327 1036 1387 atque
1053 1324 1131 1376 etiam
1149 1324 1266 1376 lustravit
1284 1339 1336 1390 rue.

321 1422 404 1475 Aliter
420 1421 681 1474 Wuunssmcurusr
712 1426 739 1473 et
756 1436 818 1474 vere
836 1421 972 1487 lustravit,
997 1421 1024 1473 Ιι.
1043 1438 1066 1475 ε.
1084 1428 1114 1475 et
1132 1438 1193 1477 vere
1211 1439 1337 1491 aggressa

320 1528 361 1574 est
378 1536 433 1574 rem
450 1522 611 1574 lustratione.
647 1521 744 1573 Censet
767 1522 848 1588 igitur
872 1524 986 1575 carmine
1009 1529 1038 1576 et
1055 1523 1147 1577 lrerbas
1172 1531 1267 1592 postea
1290 1525 1338 1582 de·

320 1636 391 1673 mum
408 1619 564 1673 adhibendas
583 1619 670 1683 inune,
688 1619 790 1671 initium
807 1625 894 1672 nutem
911 1622 1092 1675 incantationis
1110 1637 1167 1675 esse
1184 1624 1337 1680 lustratione

320 1720 427 1774 laetum.
463 1721 515 1772 Vix
539 1727 620 1772 recte·
656 1719 780 1771 Ceterum
801 1719 898 1772 verbor
922 1718 1055 1772 lustravit
1073 1721 1162 1774 taedis
1186 1720 1212 1777 h.
1231 1739 1254 1777 e.
1273 1724 1337 1780 taci-

322 1821 369 1872 bus
388 1835 422 1874 ex
439 1818 516 1872 taeda
534 1819 650 1872 admixto
667 1818 791 1888 sulphura
809 1825 837 1873 et
854 1820 995 1887 bitumine,
1023 1823 1140 1891 explieat
1157 1823 1336 1876 Cusunrsuus

319 1921 452 1986 Pmegyr.
474 1918 575 1972 Honor.
595 1934 619 1972 v.
637 1921 706 1970 824:
733 1914 878 1969 lustralem
903 1917 942 1971 sic
968 1918 1021 1969 rite
1041 1919 1149 1990 facem,
1181 1920 1225 1969 cui
1249 1919 1336 1970 lumen

321 2017 431 2070 odorum
447 2015 578 2084 auspburs
596 2015 717 2067 caerrdeo
735 2013 865 2087 nigroque
883 2015 1010 2068 &urruns
1020 2017 1128 2089 fumat,
1144 2017 1243 2069 circum
1256 2034 1334 2066 mem-

321 2115 372 2168 oro
395 2125 471 2168 rotnt
496 2115 591 2168 doctus
611 2115 761 2188 purganda
783 2117 918 2170 sacerdos.
953 2117 1021 2170 Vide
1037 2115 1112 2184 plum
1129 2133 1171 2185 ap.
1189 2118 1339 2196 usonem

322 2219 355 2272 ad
375 2217 399 2269 li.
418 2218 436 2268 l.
455 2224 483 2269 et
500 2218 614 2270 Scauro.
631 2215 664 2268 ad
683 2218 760 2270 Astu.
774 2220 840 2269 too.
876 2214 1036 2268 Adhibuerst
1052 2221 1139 2268 eutem
1158 2215 1336 2269 lustrationem

322 2333 400 2384 sagn,
428 2322 457 2368 ut
474 2322 599 2386 purgaret
616 2318 710 2371 molum
728 2322 822 2384 poetae
840 2316 924 2369 animo
940 2313 1084 2369 inhaerens·
1101 2341 1137 2354 —-
1167 2320 1268 2391 noete
1286 2333 1337 2371 se-

322 2432 420 2482 rena,
449 2417 474 2468 li.
494 2434 516 2470 e.
542 2420 644 2471 lucente
669 2418 738 2469 lana.
774 2416 891 2469 Lucrsrt.
916 2414 1084 2484 Philopsend.
1108 2432 1134 2469 o.
1152 2419 1201 2470 142
1228 2411 1361 2478 odiost,

321 2537 368 2587 seps
386 2511 503 2586 τηρήσας
524 2512 572 2587 τήν
588 2511 711 2585 σελήνην,
729 2510 789 2568 sort
806 2510 856 2585 γὰρ
875 2508 909 2571 ‹s‘r
929 2510 1068 2566 lsrsrorrolt)
1083 2508 1119 2566 τὰ
1138 2515 1250 2568 τοιαῦτα
1268 2516 1339 2568 τελε»

323 2630 489 2689 enupsisset.
524 2620 592 2672 Vide
615 2620 690 2688 plera
712 2635 757 2687 up.
781 2618 942 2670 Hsrunoar.
967 2614 1001 2668 ad
1023 2614 1118 2671 Horat.
1136 2617 1192 2670 Sat.
1210 2616 1339 2691 Littl.

323 2726 353 2773 et
371 2720 547 2773 Bnoucunus.
565 2719 599 2772 ad
616 2719 737 2787 Propert.
755 2718 791 2782 11,
810 2723 835 2782 l,
853 2722 898 2771 rs.
916 2744 952 2755 -
984 2713 1100 2770 hostin
1124 2718 1235 2785 pulla,
1263 2719 1340 2784 ulgra

324 2822 389 2886 oria,
407 2820 515 2873 Honnr.
533 2820 589 2871 Sat.
607 2819 629 2881 l,
648 2822 674 2882 6,
692 2823 736 2873 ut.
756 2819 840 2871 Vsus.
858 2819 922 2870 Δεπ.
943 2817 974 2881 V,
989 2819 1052 2871 rue.
1070 2817 1174 2869 Sauro.
1191 2814 1259 2869 Oed.
1275 2820 1338 2895 666.

323 2918 427 2973 Eurus.
443 2920 538 2984 Praep.
555 2914 656 2981 Erang.
676 2913 722 2977 Ν,
740 2916 767 2965 4.
803 2915 879 2973 Quae
898 2911 1003 2995 lantlnnt
1021 2914 1186 2983 interpretes.
1199 2941 1237 2952 -
1255 2913 1341 2966 Con-

325 3020 412 3081 oidit
428 3018 468 3071 ad
486 3017 584 3080 deos,
601 3014 635 3067 ad
653 3026 724 3066 aram
742 3013 859 3069 deornm.
895 3015 977 3067 Oern.
994 3012 1105 3071 Herold.
1122 3015 1144 3081 1,
1163 3018 1213 3068 tlte
1229 3013 1341 3083 poiseus

325 3116 365 3167 nd
378 3116 485 3185 patrios
502 3112 619 3166 barbara
632 3115 736 3183 praeda
754 3114 824 3167 deos.
861 3115 928 3169 Add.
946 3114 1008 3171 ibit.
1026 3115 1087 3197 XJJ,
1103 3118 1166 3169 128.
1182 3142 1219 3153 -
1243 3115 1276 3167 V.
1294 3119 1339 3167 66.

324 3217 494 3283 magicos,
509 3213 616 3278 interos,
636 3228 702 3279 quos
720 3214 746 3265 in
764 3213 872 3280 magieis
889 3214 969 3266 rebus
986 3213 1147 3266 invocabant
1182 3210 1243 3264 Non
1262 3226 1341 3283 parus

326 3316 417 3382 eopia,
444 3315 466 3366 si
489 3312 555 3366 fides
578 3313 711 3365 Vraernro
738 3315 802 3365 Aen.
821 3313 868 3379 lV,
884 3317 948 3367 616.
993 3313 1093 3381 Magiel
1116 3312 1236 3364 dicuntur
1261 3312 1338 3365 etiam

327 3413 434 3465 lancnm
452 3413 499 3475 Vl,
515 3416 579 3465 671.
597 3439 632 3449 -
653 3410 727 3464 Ηεεε
741 3412 826 3478 igiter
843 3412 929 3467 omnis
946 3413 997 3465 itm
1013 3411 1111 3465 lecerat
1127 3426 1205 3479 saga,
1217 3414 1257 3469 ,et
1274 3421 1338 3461 oon-

323 3513 451 3563 tiuuasset
467 3527 524 3564 rem
545 3518 573 3564 et
590 3513 737 3581 repetiisset
751 3512 816 3564 istos
833 3513 897 3564 ritus
916 3519 942 3563 et
960 3518 1044 3573 artes,
1062 3510 1113 3565 uisi
1128 3509 1273 3565 obstitisset
1290 3508 1340 3562 Ti-

324 3606 412 3658 bullus
438 3620 472 3658 ne
498 3617 628 3675 pergeret.
646 3637 681 3648 -
710 3611 741 3663 V.
766 3614 811 3662 66.
835 3614 878 3661 66.
920 3607 975 3660 Sed
999 3607 1153 3661 maten
1182 3608 1257 3671 solvi.
1300 3610 1341 3664 nd

326 3703 419 3757 rerba:
445 3718 564 3759 carere
582 3724 685 3776 pesse
703 3709 804 3761 velim
827 3705 863 3759 ot.
881 3705 963 3758 Ovtu.
981 3707 1039 3758 litt.
1056 3702 1177 3773 little
1205 3706 1266 3776 Qun
1284 3705 1342 3760 sins

323 3820 379 3855 non
393 3802 481 3873 possit
498 3802 602 3871 nivere,
622 3825 702 3877 posse
718 3807 793 3862 velit.
811 3833 847 3846 -·
873 3808 940 3861 Post
954 3805 1020 3859 haee
1037 3806 1110 3861 videt
1129 3806 1191 3875 quid
1208 3806 1277 3860 dieat
1294 3807 1342 3859 Ti·

265 3976 267 3981 Ι
323 3903 424 3958 bullus:
456 3904 593 3958 cmelttns
611 3906 743 3959 doloribus
768 3907 872 3960 maximi
895 3907 990 3960 amoris
1015 3904 1241 3975 obtempersverat
1262 3905 1345 3973 prul-

323 4003 404 4069 llsper
427 4019 508 4070 sagae
534 4018 611 4071 opem
635 4004 812 4070 promittenti,
841 4005 888 4057 sed
913 4007 1002 4059 relietn
1020 4019 1082 4057 mox
1107 4017 1149 4055 res
1174 4008 1216 4055 est
1231 4001 1342 4069 incepta,

323 4113 382 4151 euna
400 4116 450 4152 non
468 4102 609 4154 sustineret
626 4102 699 4154 solvi.
743 4104 805 4157 Qua
826 4106 973 4160 narratione
991 4103 1054 4173 quid
1070 4100 1141 4155 siiarl
1160 4101 1271 4171 probare
1290 4100 1343 4153 rult
