3009 4725
492 418 600 482 [ΑΒΗ.
622 421 645 481 l.
689 417 809 483 ELEG.
831 420 902 483 Vll.
1143 428 1201 487 rtr

182 599 263 652 lotum
281 596 397 651 absentia
415 608 464 647 sua
487 608 535 662 per
558 599 612 645 tres
636 607 731 658 annos,
760 594 784 646 d.
803 593 900 648 xxiv.
920 594 1012 662 Sept,
1039 595 1073 649 cf.
1092 595 1200 651 Nuarsrr

184 691 561 762 cenotapb.1>isau.1lissert
582 690 616 754 ll,
637 706 659 742 c.
684 695 724 743 lu.
742 694 768 757 S.
789 698 811 743 ι.
849 691 908 745 Nou
933 691 978 745 diu
1005 701 1065 762 post
1082 695 1138 750 dies
1155 713 1202 750 ns-

185 795 243 845 talls
261 794 317 845 eius
340 790 448 851 incidit,
471 796 501 842 ιιι
519 788 634 852 videtur,
659 788 733 841 onius
751 789 899 843 solennibus
916 792 1076 846 celebrandis
1101 795 1203 864 scripta

184 901 224 948 est
242 894 374 962 proposita
398 890 490 956 elegia.
527 890 613 956 Atque
637 886 702 941 baec
725 904 761 942 ex
785 887 903 943 historia·
916 894 1056 961 repetenda
1081 894 1202 958 lucrante

185 995 317 1047 videamus
334 1007 402 1045 nunc
418 1004 523 1044 carmon
539 989 634 1057 ipsum.
670 989 737 1042 cum
756 991 871 1044 natalitia
888 992 1018 1047 Messalae
1035 1004 1155 1063 agantur,
1174 1006 1205 1051 ιιι

185 1090 256 1155 disi,
273 1092 329 1143 iure
347 1089 447 1142 orditur
464 1093 541 1157 poeta
558 1088 585 1139 in
603 1088 782 1156 principio
802 1089 836 1139 ab
853 1089 910 1156 ipsa
928 1094 1044 1158 proxima
1061 1101 1089 1147 et
1104 1111 1205 1150 summe

188 1189 265 1243 laude
282 1189 351 1254 diei,
376 1204 393 1242 a
416 1188 524 1241 uictoris
542 1188 695 1253 Aquinates
719 1193 780 1241 ante
806 1195 860 1240 tres
882 1205 964 1243 annos
982 1191 1032 1246 boe
1055 1194 1096 1248 die
1114 1212 1204 1266 repor-

188 1295 258 1354 tata3
275 1304 333 1343 nam
350 1291 376 1341 iu
393 1289 438 1342 tall
456 1289 574 1342 natalitio
592 1289 706 1341 carmina
727 1290 784 1341 iure
802 1289 913 1357 primum
931 1291 1017 1344 lucum
1034 1301 1144 1361 occupat
1161 1311 1206 1348 ss-

189 1389 281 1442 iutatio
300 1388 353 1441 diei
373 1389 445 1456 ipsa,
472 1389 528 1440 siue
547 1386 713 1453 generalibus
730 1385 817 1438 verbis
834 1387 933 1452 utaris,
956 1388 1012 1441 siue
1031 1405 1079 1458 pro
1097 1407 1207 1457 genera-

188 1487 245 1540 liori
262 1487 338 1540 laude
355 1486 479 1556 specialia
496 1484 654 1549 substituas,
671 1484 694 1536 si
712 1483 821 1548 adsunt,
846 1492 875 1537 ιιι
894 1474 937 1539 bie
953 1487 1058 1543 factum.
1093 1491 1125 1544 In
1144 1507 1207 1545 me·
1299 1551 1303 1559 ¹

190 1583 248 1636 dia
271 1589 370 1652 parts
392 1600 456 1637 vero
479 1585 583 1650 elegiae
607 1588 701 1634 tractat
726 1589 827 1635 ceteras
844 1599 887 1635 res
911 1591 1000 1652 postes
1018 1603 1034 1638 a
1051 1587 1164 1642 Messala
1180 1592 1208 1643 ia
1235 1649 1240 1656 ,

191 1684 253 1735 Asia
270 1687 298 1735 et
317 1684 438 1750 Aegypto
455 1689 561 1749 gestas,
589 1687 617 1734 et
641 1679 688 1733 has
708 1680 812 1747 quidem
837 1682 889 1733 alio
907 1683 985 1735 modo
1003 1700 1080 1750 quam
1099 1689 1210 1754 Aquita·

192 1784 265 1848 aiea3
291 1797 375 1849 neque
392 1783 460 1835 enirn
477 1784 579 1850 singula
597 1782 667 1836 facta
685 1782 817 1834 Messalae
836 1779 877 1833 bic
896 1788 998 1847 narrat,
1022 1782 1067 1835 sed
1087 1786 1208 1851 regiones

193 1884 315 1950 celebrat,
333 1899 397 1951 quas
414 1886 573 1953 composuit3
591 1886 618 1938 in
635 1899 688 1951 quo
707 1883 817 1936 observa
835 1882 966 1951 pulchram
986 1883 1093 1937 formam
1111 1892 1208 1939 tracta·

192 1986 276 2040 tionis.
319 1984 432 2038 Bellicus
448 1999 491 2037 res
509 1990 569 2037 ante
588 1984 683 2036 cecinit
700 1987 825 2049 quantum
843 1997 926 2051 opus,
953 1987 980 2033 at
998 1998 1044 2050 per
1064 1990 1147 2035 totum
1165 1999 1209 2035 re·

194 2090 291 2155 liquum
320 2102 426 2140 tarmen
449 2085 520 2139 mitia
543 2084 641 2137 Tibulli
663 2084 741 2136 Musa
766 2082 915 2135 continuare
942 2083 1003 2151 talia
1025 2098 1075 2135 ιιοιι
1100 2090 1209 2152 poterat.

194 2187 286 2242 Quare
304 2186 427 2255 sepositis
443 2184 599 2238 militaribus
622 2182 700 2236 rebus
717 2196 787 2234 nuno
804 2186 923 2250 pacatum
947 2188 1043 2236 statum
1061 2182 1150 2237 barum
1168 2199 1210 2236 re·

193 2286 298 2352 gionum
323 2286 460 2339 adumbrat
480 2291 507 2338 et
526 2286 598 2355 pacis
617 2285 699 2335 laetas
719 2284 845 2350 imagines
863 2282 971 2336 exhibet
989 2290 1017 2337 et
1033 2286 1142 2339 rusticas
1159 2302 1210 2346 res,

194 2386 230 2438 ita
247 2386 373 2439 adornato
395 2387 470 2439 simul
495 2392 552 2439 toto
576 2391 746 2453 argumento,
772 2390 802 2436 ut
824 2384 951 2453 gradatim
970 2394 1071 2441 crescat
1089 2390 1157 2441 laeta
1174 2388 1211 2439 vis

195 2488 238 2549 et,
262 2490 293 2535 ut
315 2484 354 2535 ita
377 2483 480 2549 dicam,
506 2487 697 2553 magnificentia
716 2486 906 2554 descriptionis.
948 2487 1033 2555 igitur
1051 2489 1167 2542 Ciliciam
1185 2495 1213 2541 et

196 2583 300 2649 Syriam
318 2583 421 2635 breuius
438 2585 531 2650 tangit,
549 2587 696 2654 Aegyptum
714 2602 778 2640 vero
797 2588 1039 2655 praestantissimam
1057 2591 1213 2658 prouinciam

196 2682 285 2736 multis
301 2682 388 2736 verbis
406 2681 547 2751 praedicat
584 2682 658 2737 ilaec
678 2690 733 2750 est,
752 2685 804 2749 ait,
821 2684 866 2736 illa
883 2690 967 2749 terra,
986 2684 1029 2736 ubi
1049 2685 1124 2740 Nilus
1142 2688 1215 2741 miri·

196 2783 246 2836 fiee
264 2780 386 2836 fecundat
404 2799 497 2851 agros,
516 2784 559 2836 ubi
578 2784 662 2837 Osiris
679 2792 794 2838 aratrum
812 2785 909 2838 inuenit
926 2789 953 2835 et
970 2784 1090 2836 arborum
1109 2788 1215 2839 vitium-

196 2897 248 2949 que
267 2885 403 2938 culturam.
446 2885 579 2940 Quorsum
605 2885 692 2940 bacci
721 2888 799 2943 ¹Quia
824 2886 957 2950 fertilitas,
985 2881 1076 2936 horrea
1101 2888 1214 2954 Aegypti

197 2983 331 3036 utilissima
349 2990 424 3036 erant
441 2984 585 3050 Romanis,
611 2992 641 3038 ut
663 2992 782 3053 constat,
809 2994 835 3041 et
858 2986 964 3039 maximi
984 2985 1077 3053 pretii:
1105 2990 1135 3035 ut
1151 2982 1214 3035 nibil

196 3085 299 3135 suavius
317 3083 353 3137 sit
370 3082 409 3136 bis
427 3083 505 3136 rebus
522 3085 549 3136 in
565 3083 697 3137 Messalae
715 3085 809 3150 laude,
827 3086 871 3152 qni
890 3084 1018 3137 ordinarit
1033 3081 1215 3135 fertilissimam
1281 3098 1283 3107 ·

197 3185 363 3250 provinciam.
398 3183 453 3237 Sed
477 3182 590 3237 nondum
618 3184 701 3237 habes
726 3188 820 3261 omnia.
858 3187 1000 3252 Postquam
1018 3183 1085 3235 enim
1103 3179 1137 3232 de
1154 3178 1216 3231 Nilo

199 3280 354 3335 fecundante
379 3289 406 3336 et
423 3285 557 3338 inventore
575 3286 751 3352 agriculturae
768 3286 873 3339 Osiride
897 3285 978 3349 dixit,
1006 3281 1115 3352 amplius
1132 3281 1216 3334 couti-

198 3384 262 3432 nuat
279 3378 389 3433 Osiridis
406 3382 524 3448 laudern,
550 3390 629 3449 atque
654 3385 733 3437 etiam
759 3389 862 3435 ceteros
880 3398 967 3435 mores
988 3382 1045 3434 eius
1070 3380 1217 3449 praeclaros

198 3482 380 3551 persequitur3
407 3483 551 3536 simillimus
570 3482 674 3537 Baccho
692 3480 757 3536 deus
776 3484 862 3535 vinum
880 3484 992 3548 invenit,
1011 3481 1119 3548 choros,
1136 3464 1225 3549 iocosj

197 3582 326 3650 ludosque
349 3589 419 3636 amat
444 3589 473 3636 et
497 3585 575 3636 tiores
600 3588 630 3637 et
647 3582 734 3635 tibiam
756 3589 784 3633 et
809 3588 942 3635 crocotam
960 3572 1105 3650 Tyriasque
1124 3588 1217 3638 vestes.

199 3680 333 3735 Quorsum
350 3696 418 3734 nunc
438 3678 503 3734 baec
521 3680 668 3734 dicuntur?
700 3680 802 3748 Nempe
821 3679 863 3733 bic
881 3680 938 3749 ipse
958 3681 1112 3735 laetissimus
1129 3680 1219 3733 dator-

200 3792 253 3845 qas
276 3779 391 3831 laetitiae
415 3779 480 3833 deus
505 3782 673 3850 praeclarus,
702 3783 827 3849 Aegypto
845 3783 871 3834 iu
896 3784 1052 3852 provinciam
1075 3784 1219 3835 Romanam

199 3877 322 3943 redacta,
345 3878 460 3932 Romani
476 3882 580 3951 imperii
603 3887 645 3935 est
663 3879 747 3934 factus
773 3887 801 3936 et
819 3898 887 3935 nunc
905 3882 1030 3934 Romanis
1047 3879 1125 3932 rebus
1142 3877 1221 3942 farm,

200 3983 229 4032 et
246 3976 427 4031 Romanorum
445 3977 512 4033 leste
530 3980 648 4046 ornabit,
672 3978 784 4047 ideoque
808 3981 895 4034 statim
918 3979 953 4033 ad
977 3975 1040 4031 baec
1063 3976 1120 4044 ipsa
1143 3991 1221 4044 prae·

200 4079 285 4133 sentis
302 4094 376 4133 sacra
395 4087 519 4146 vocatur,
547 4088 576 4135 ut
602 4087 662 4150 post
687 4081 832 4135 ordinatam
857 4082 968 4134 feliciter
990 4078 1148 4148 provinciam
1166 4076 1222 4145 pri·

199 4195 271 4236 ιιιιιιιι
290 4180 458 4238 concelebret
475 4178 589 4236 Genium
608 4181 664 4245 viri,
683 4183 725 4249 qui
744 4182 955 4246 ordinantem,
973 4186 1000 4235 et
1019 4178 1088 4237 ludis
1105 4177 1223 4253 morea

876 4282 939 4341 10*
