3009 4725
336 459 378 500 ax
744 439 803 501 DE
825 435 945 504 Ponet

335 608 417 672 vitae
436 605 471 670 in
493 608 630 671 carmine
652 605 692 670 od
707 607 922 686 Messalinum,
944 618 979 669 ut
1001 609 1089 670 nullo
1112 620 1251 690 tempore
1273 610 1355 671 vitae

334 720 471 801 coniugii
491 723 541 784 sni
561 719 747 798 felicitatem,
769 721 798 783 si
817 733 950 783 amasset
968 720 1133 800 Neaeram,
1154 722 1199 783 sie
1217 720 1357 802 potuerit

333 838 496 916 seiungere
524 858 543 897 a
570 834 655 899 ruris
683 834 760 900 otio.
809 837 979 900 Enimvero
1008 836 1128 898 clarum
1156 847 1202 898 est
1229 832 1354 917 Lygda-

332 967 419 1011 mum
446 951 592 1029 iguorare
621 971 716 1026 rura,
744 948 913 1029 religiones
942 961 1076 1030 agrestes
1083 993 1093 1027 ,
1126 947 1226 1011 Lares
1255 948 1355 1012 avitos

331 1064 468 1146 praedii,
501 1086 558 1128 nec
588 1063 762 1148 quidquam
794 1067 904 1128 talium
933 1086 1083 1128 sensuum
1111 1067 1146 1128 in
1179 1085 1217 1127 eo
1247 1065 1355 1126 suisset

330 1181 375 1243 Ac
404 1201 476 1243 cum
504 1179 649 1242 Tibullus
678 1179 908 1261 simplicitatem
935 1180 1018 1243 vitae
1047 1192 1211 1261 tantopere
1240 1176 1354 1256 ἀὶΙίςαῑ,

329 1306 427 1357 tentat
448 1292 575 1378 quidem
596 1294 690 1356 etiam
709 1293 762 1358 hic
782 1293 882 1356 anile
904 1292 998 1376 quid,
1029 1293 1192 1378 affirmans·
1213 1313 1246 1355 se
1274 1290 1353 1355 divi-

330 1410 387 1471 tias
410 1418 608 1469 contemnere
628 1425 706 1489 prae
728 1426 836 1468 amore
865 1418 897 1470 et
923 1409 974 1468 vel
1000 1419 1220 1489 paupertatem
1239 1407 1352 1469 iucun-

330 1523 402 1585 dam
423 1524 492 1585 fore
514 1542 585 1585 cum
597 1520 732 1600 Neaera,
753 1522 958 1596 nibilominus
979 1534 1083 1585 tamen
1104 1523 1148 1585 ita
1170 1524 1231 1586 sibi
1251 1525 1352 1604 placet

328 1642 362 1702 in
392 1638 655 1720 descriptionibus
683 1637 880 1718 opulentiae,
917 1639 1077 1700 honorum
1111 1650 1185 1720 post
1220 1651 1353 1720 mortem

328 1775 557 1839 supremorunt,
583 1756 657 1818 libri
676 1751 818 1817 Neaerae
839 1754 926 1816 missi
947 1755 1060 1833 ornati,
1080 1757 1207 1817 habitus
1230 1756 1354 1837 Apolli·
1420 1791 1423 1795 ι

329 1871 381 1933 nei
397 1869 531 1952 pulchri,
552 1880 590 1932 ut
610 1867 780 1948 elegantiae
803 1878 835 1928 et
855 1867 1101 1948 magnificentiae
1117 1882 1231 1931 natura
1246 1891 1353 1932 aman·

328 1999 391 2048 tem
412 1983 513 2050 facile
525 2001 690 2063 agnoscas,
709 1979 767 2062 qui
788 1990 894 2042 tamen
915 1978 956 2042 ad
977 1979 1098 2048 Tibulli
1117 1981 1300 2058 modestiam
1318 2003 1351 2044 sc

328 2108 557 2180 composuerat.
598 2095 761 2159 Postremo
776 2105 860 2154 recte
875 2094 1029 2156 monitum
1044 2106 1091 2156 est
1104 2093 1249 2157 ardorem
1264 2116 1351 2158 arno·

328 2214 371 2275 ris
395 2213 430 2271 in
451 2206 625 2290 Lygdamo.
642 2207 734 2283 longe
756 2204 912 2268 minorem
941 2224 999 2266 nec
1023 2205 1234 2267 Tibullianam
1262 2206 1349 2269 iliam

327 2326 392 2391 viru
414 2323 582 2386 affectuum
612 2321 663 2383 bic
693 2318 896 2402 deprehendi.
946 2317 1039 2382 Unde
1061 2321 1177 2383 factum
1199 2331 1236 2384 nt
1255 2322 1348 2386 eliam

214 2436 219 2448 '
327 2439 455 2521 querela
469 2434 622 2520 Lygdnmi
636 2431 785 2515 languida
802 2436 849 2509 sit,
874 2454 945 2497 cum
963 2431 1048 2515 apud
1063 2435 1224 2501 Tibullum
1241 2437 1348 2499 omnia

328 2570 461 2614 nervosa
490 2549 607 2615 uideas.
647 2550 733 2612 Haec
762 2550 923 2613 hactenus.
971 2550 1060 2613 Patet
1090 2570 1131 2613 ex
1159 2555 1347 2632 argumentis

327 2666 425 2729 allatis
445 2685 512 2729 non
532 2666 644 2728 baberi
666 2667 700 2730 in
721 2668 784 2728 hoc
802 2665 886 2727 libro
910 2683 1032 2729 amores
1053 2663 1206 2748 quosdam
1218 2666 1347 2746 Tibulli,

327 2802 408 2865 qnos
437 2793 532 2864 poeta
560 2783 619 2844 sub
649 2784 711 2845 alio
739 2784 868 2849 nuntiae
898 2782 1054 2844 cecinerit.
1104 2777 1189 2856 Quid
1217 2800 1294 2846 vero
1321 2786 1349 2844 si

326 2896 416 2959 amici
441 2893 603 2961 cuiusdam
624 2913 729 2957 amore
751 2902 836 2955 costo
859 2890 1077 2954 adumbrando
1098 2894 1244 2956 Tibullus
1263 2895 1347 2973 latit,

326 3024 361 3073 ut
382 3023 455 3093 post
475 3012 629 3092 Vulpium
649 3005 815 3070 Huschkio
836 3002 975 3087 placuit?
1019 3007 1088 3066 Iam·
1107 3007 1240 3068 rusticae
1261 3009 1344 3073 vitas

325 3126 453 3187 onnssss
475 3124 584 3186 laudes
604 3124 648 3183 ita
669 3117 815 3198 explices,
837 3129 873 3177 ut
893 3118 1030 3179 alienum
1050 3118 1089 3177 ab
1111 3135 1149 3176 ea
1165 3113 1249 3180 dicas
1267 3123 1345 3181 ami·

323 3259 395 3303 cum
418 3234 747 3315 luisse,similitertp1e
771 3251 852 3314 quae
874 3230 912 3293 de
935 3231 1105 3310 elegantiae
1127 3229 1232 3293 studio
1253 3246 1345 3296 nota-

322 3352 424 3413 vimus
463 3352 594 3433 aliisque
624 3348 769 3412 sensibus
806 3346 955 3429 diversis,
995 3345 1036 3411 ad
1071 3368 1108 3409 ea
1143 3346 1346 3430 respondeas,

323 3462 475 3546 Lygdami
496 3463 657 3544 ingenium
676 3485 845 3548 moresque
865 3482 1042 3545 expressos.
1084 3463 1201 3526 Melius
1215 3464 1259 3526 ita
1273 3486 1346 3545 par-
1415 3510 1422 3527 .

323 3591 368 3641 tes
388 3590 457 3641 tuas
479 3598 550 3656 agas
571 3598 667 3661 quam
688 3578 886 3655 llusolrkius,
917 3579 974 3660 qui
996 3577 1122 3641 nonnisi
1142 3578 1244 3640 futilia
1264 3589 1345 3639 attu-

322 3692 360 3755 lit
379 3690 419 3753 ad
436 3691 619 3772 opinionem
640 3714 729 3757 suam
748 3691 969 3761 stabiliendam
991 3705 1022 3757 et
1043 3713 1125 3776 qnae
1143 3690 1272 3772 indigna
1292 3712 1344 3755 re-

322 3808 477 3871 lutatione
498 3806 589 3871 seria.
633 3808 754 3871 Tamen
773 3807 856 3873 nihil
870 3806 1003 3884 siberiae,
1022 3806 1147 3869 obstant
1162 3805 1222 3866 aba
1238 3807 1346 3870 multa.

323 3921 406 3985 Nam
428 3921 507 4005 quid
528 3936 574 3986 est
596 3922 684 4006 quod
704 3925 839 3989 venetas
860 3921 1047 3997 affectuum,
1068 3919 1132 3995 vis,
1160 3918 1252 3997 vigor
1273 3921 1344 3979 nni·

322 4056 431 4097 versae
453 4037 644 4099 tractationis
666 4050 729 4097 tam
751 4034 907 4097 dissirnilis
921 4030 1118 4095 Tibullianae
1135 4031 1251 4095 rationi
1271 4050 1343 4090 ner-

323 4169 435 4227 vosae,
465 4163 495 4211 et
526 4162 631 4230 aperte
659 4150 765 4212 minor
792 4170 888 4231 quam
916 4149 950 4208 in
979 4141 1115 4223 elegitliis
1137 4145 1241 4226 qttarti
1260 4143 1343 4221 libri,
