3009 4725
346 497 489 540 cxxxvrn
746 475 805 537 DE
829 475 950 543 POESI

345 646 444 728 addo,
472 668 512 709 ne
532 647 581 709 bis
605 655 735 710 tractem
756 644 851 709 idem.
900 625 1007 724 Quurs
1028 650 1089 712 hoc
1112 649 1182 713 loco
1203 651 1284 715 nihil
1305 675 1365 715 no·

343 758 474 822 tandum
501 771 597 821 restet
623 758 684 821 nisi
710 760 772 821 hoc
799 779 916 839 unum,
949 761 1102 826 inservire
1128 765 1363 847 amplificationi

343 871 501 932 interdum
524 873 616 932 etiam
637 872 784 936 relativas
806 873 992 954 sententias,
1021 889 1055 937 ut
1076 876 1106 953 I,
1130 882 1164 954 1,
1189 882 1247 941 15:

426 984 525 1047 Flava
546 982 658 1063 Ceres,
689 986 746 1046 tibi
769 986 808 1048 sit
832 1001 940 1050 nostro
966 986 1004 1049 de
1026 1011 1101 1053 rure
1123 1011 1241 1054 corona

468 1097 595 1178 Spicea,
626 1118 706 1180 quae
727 1099 836 1180 templi
857 1098 993 1180 pendeat
1014 1116 1086 1165 ante
1110 1105 1211 1182 iores,

341 1209 398 1272 ubi
417 1210 461 1272 ita
483 1208 588 1271 addita
610 1224 681 1272 sunt
704 1213 830 1292 ultima,
859 1226 895 1274 ut
916 1212 1063 1278 disertius
1085 1229 1278 1280 exornentur
1300 1236 1358 1276 an·

340 1320 513 1384 tecedentia
533 1324 648 1386 verber
676 1325 728 1385 tibi
743 1329 789 1387 sit.
832 1323 920 1388 Adde
941 1329 987 1406 ΙΙ,
1010 1336 1046 1406 2,
1070 1335 1130 1393 16:

428 1437 508 1516 [Nec
531 1437 588 1498 tibi
608 1438 770 1518 malueris]
793 1439 944 1522 quicquid
968 1443 1109 1505 felicibus
1130 1437 1215 1502 Indis

466 1549 629 1628 Nascitur,
658 1550 718 1612 Eoi
739 1573 803 1634 qua
824 1554 920 1618 maris
949 1554 1034 1620 unda
1058 1558 1158 1617 rubet.

339 1664 415 1728 Non
437 1665 641 1745 geographica
662 1664 713 1725 hic
741 1663 861 1728 adiecta
885 1682 933 1731 est
955 1667 1121 1748 explicatio
1145 1666 1267 1742 ieiune,
1301 1661 1357 1725 scd

340 1800 412 1841 cum
433 1779 536 1840 Eoum
561 1774 601 1838 ad
624 1790 729 1840 ortum
750 1779 894 1842 Aurorae
918 1793 949 1842 et
970 1780 1051 1844 Solis
1073 1801 1161 1842 mare
1183 1781 1358 1862 pulcherri-

339 1913 426 1954 snum
447 1894 620 1954 haberetur
640 1903 669 1954 et
692 1894 909 1972 pulcherrimis
932 1894 1029 1956 rebus
1049 1895 1197 1975 plenum,
1228 1891 1359 1972 ampliti-

339 2007 469 2069 cationis
491 2027 584 2068 causa
605 2018 691 2087 petet
715 2008 818 2086 posita
840 2028 906 2068 esse
927 2009 1027 2072 verba
1047 2009 1082 2070 in
1102 2005 1196 2069 laude
1221 2024 1357 2085 gemmo-

337 2139 421 2181 rum.
462 2118 610 2201 Denique
630 2119 664 2178 in
689 2119 749 2179 hoc
771 2120 801 2199 I,
824 2126 858 2198 2,
881 2128 944 2183 77:

423 2229 509 2307 Quid
531 2232 629 2315 Tyrio
651 2235 801 2295 recubare
826 2245 896 2297 toro
917 2217 984 2297 sine
1005 2252 1110 2295 amore
1131 2225 1268 2292 secundo

464 2345 612 2423 Pr0dest,
641 2369 713 2409 cum
736 2349 812 2411 ssetu
837 2370 905 2411 nox
924 2342 1078 2426 vigilanda
1100 2339 1211 2406 venit?

337 2458 451 2524 verba:
479 2465 538 2522 sine
558 2482 656 2522 amore
674 2463 798 2524 secundo
820 2459 1002 2538 explicatius
1023 2454 1113 2518 reddi
1134 2455 1220 2518 vides
1243 2456 1354 2517 ultimo

337 2575 490 2636 membro.
531 2573 612 2651 Nam
634 2576 690 2636 ubi
710 2568 923 2651 commodum,
952 2566 1148 2652 amplificatio
1171 2567 1210 2630 ad
1232 2581 1353 2651 partem

336 2698 458 2749 tantum
477 2685 723 2751 antecedentium
741 2684 890 2767 pertinet,
913 2696 949 2746 ut
962 2684 1039 2746 haec
1059 2681 1228 2746 ostendunt
1247 2704 1353 2744 exem·

335 2803 390 2882 pla
414 2813 445 2862 et
465 2822 558 2862 nemo
582 2790 687 2864 nescit.
736 2798 823 2859 Haec
849 2800 1019 2878 haeresum
1049 2800 1100 2861 his
1128 2800 1210 2860 enim
1233 2799 1354 2878 legibus

337 2914 568 2993 circumscripta
593 2926 640 2974 est
663 2911 792 2974 omnino
814 2932 864 2972 res
890 2909 974 2992 apud
995 2912 1175 2990 Tibullum,
1206 2911 1353 2992 simplicis

338 3046 374 3086 ea
401 3027 453 3086 hic
480 3024 600 3087 formae
630 3037 659 3086 et
688 3044 782 3105 parce
810 3037 977 3105 usurpata,
1010 3045 1068 3087 nec
1097 3024 1177 3086 tanti
1203 3024 1355 3085 momenti

336 3137 448 3220 quenti
469 3137 552 3218 apud
572 3136 789 3218 Propertium,
818 3135 856 3198 de
880 3158 944 3220 quo
966 3159 1052 3200 nunc
1076 3138 1209 3201 verbum
1230 3134 1353 3198 addam.

335 3251 465 3314 Tibullo
489 3274 560 3315 cum
582 3269 718 3313 nervosa
739 3249 919 3332 simplicitas
942 3264 972 3314 et
993 3252 1083 3331 vigor
1103 3271 1265 3333 nunquam
1286 3271 1353 3312 non

335 3366 467 3427 firmiter
486 3362 632 3427 incedens
650 3364 799 3445 proprius
815 3378 908 3442 esset,
930 3368 1117 3447 placuerunt
1132 3366 1161 3429 ei
1177 3367 1352 3427 necessario

336 3479 432 3557 stragis
452 3480 530 3540 istae
553 3475 739 3555 divisiones,
765 3476 994 3558 distinctiones,
1018 3480 1229 3561 oppositiones
1254 3495 1353 3537 mem·

335 3593 466 3653 brorum
492 3612 617 3670 gravem
647 3590 805 3672 Propertii
828 3612 906 3654 vero
929 3593 1033 3673 poesis
1059 3603 1166 3670 utpote
1193 3589 1295 3649 mollis
1322 3602 1354 3650 et

335 3702 450 3766 blanda
472 3723 538 3763 non
559 3704 738 3793 frequentat
759 3704 815 3764 has
838 3717 960 3767 exactas
982 3703 1150 3765 divisiones
1173 3714 1203 3763 et
1225 3703 1353 3783 opposi-

335 3819 454 3891 tiones,
488 3811 542 3875 sed
568 3819 665 3895 magis
694 3818 914 3879 similitudinibus
942 3822 1138 3878 emersurum
1167 3815 1354 3898 amplificare

335 3945 365 3992 et
388 3952 501 3992 ornare
520 3950 572 3992 res
590 3931 714 4011 gaudet.
759 3931 960 3995 concinnitas
978 3932 1104 4017 quidem
1125 3933 1218 3994 etiam
1237 3932 1275 3992 ab
1294 3932 1355 3991 hoc

336 4042 467 4103 artificio
497 4043 625 4105 minime
657 4046 763 4119 abest,
804 4044 859 4106 sed
893 4047 998 4109 lenior
1029 4059 1060 4108 ot
1093 4048 1219 4107 mollior
1252 4042 1356 4105 forma

335 4151 574 4214 similitudinum
599 4168 745 4233 ornatus,
775 4161 933 4235 acerbior,
962 4160 1117 4234 severior,
1147 4156 1273 4236 gravior
1297 4176 1356 4237 op-
