3009 4725
598 391 781 456 TlBULLl.
1089 421 1198 464 cxxvu

255 567 317 632 Sed
339 567 477 629 Veneris
498 578 574 628 tuuc
594 566 676 628 bella
697 568 810 640 calent,
832 567 1004 650 scissosque
1027 571 1154 652 capilloa

295 684 427 748 Femina
450 681 621 763 perfractae
644 682 911 766 conqueriturque
935 685 1046 749 lorea·

256 859 315 923 Sed
337 856 456 922 nitidus
477 857 672 940 pulcherque
693 856 784 919 venia
814 876 899 917 nunc
920 856 1016 921 indue
1036 876 1148 925 vestem

299 976 492 1057 sepositam,
518 974 626 1055 longae
648 994 733 1034 nunc
754 975 836 1035 bene
857 985 945 1055 pecte
966 996 1081 1040 comae.

261 1149 351 1211 Casta
372 1152 492 1231 placent
513 1148 652 1230 superio:
676 1168 758 1229 pura
779 1170 850 1211 cum
868 1164 954 1214 vecte
977 1155 1081 1216 venite

299 1263 338 1325 Et
358 1263 501 1326 manibus
522 1262 613 1343 puris
634 1261 744 1324 sumite
766 1263 861 1326 fontia
883 1285 1009 1347 aquam.

170 1402 310 1466 Subiicio
336 1424 422 1465 nunc
450 1398 694 1477 conditionales,
720 1400 843 1483 finales,
872 1407 1022 1482 causalem
1047 1408 1189 1471 relativae

169 1517 353 1593 sententiaa,
378 1515 435 1577 ubi
456 1514 606 1596 bipartita
626 1514 776 1576 alterutra
796 1536 888 1597 para:

256 1643 341 1704 llaec
364 1641 419 1703 ubi
440 1641 591 1703 Bellonae
611 1651 701 1702 motu
721 1653 767 1703 est
787 1643 916 1722 agitata,
947 1665 1004 1706 nec
1024 1666 1126 1710 acrem

300 1755 490 1831 Flammam,
512 1775 578 1817 non
600 1773 707 1815 amena
727 1757 859 1818 uerbera
882 1769 964 1819 torta
985 1758 1082 1821 timet.

260 1926 360 2008 Saepe
383 1928 439 1988 ubi
454 1947 519 1990 nox
537 1928 689 2009 promissa
706 1927 784 1989 milri
805 1941 863 2004 eat,
884 1932 1032 2009 languere
1053 1938 1188 2014 puellam

299 2041 435 2106 Nuntiat
455 2054 508 2104 aut
527 2042 645 2127 aliquae
667 2044 847 2105 extimuisse
872 2043 983 2106 minae.

253 2219 341 2282 Etsi
365 2216 442 2303 quid
462 2237 606 2300 peccaaae
626 2230 736 2300 puter,
768 2216 927 2302 ducarque
947 2220 1065 2304 capillis

293 2335 453 2397 Immerito
476 2352 593 2415 pronae
613 2330 833 2416 proripiarque
852 2333 928 2398 viae.

255 2514 292 2574 At
313 2511 391 2573 mihi
411 2508 599 2574 seruandam
620 2507 744 2572 credas:
773 2529 837 2572 non
859 2530 952 2574 saeva
971 2532 1082 2577 recum

295 2628 453 2704 Verbera,
487 2626 626 2691 detracto
650 2646 716 2688 non
738 2645 796 2705 ego
816 2625 919 2687 vincla
935 2624 1062 2706 pedum.

649 2746 720 2760 -1

255 2801 327 2865 Non
350 2804 441 2887 labor
461 2804 512 2866 hic
534 2800 647 2884 laedit,
675 2811 793 2864 reseret
813 2796 908 2861 modo
930 2798 1022 2860 Delia
1042 2815 1159 2881 postea,

297 2915 337 2978 Et
360 2933 447 2981 vocet
467 2916 506 2983 ad
526 2917 613 3002 digiti
631 2938 681 2980 me
703 2919 855 2980 taciturna
875 2934 999 2977 sonum.

252 3091 312 3153 Hie
333 3094 474 3174 placatus
488 3107 569 3174 erat,
593 3116 649 3157 acu
671 3094 742 3177 quia
756 3093 908 3156 libaverat
926 3110 1036 3169 uvam,

294 3202 358 3267 Seu
381 3203 509 3269 dederat
528 3219 654 3272 aanctae
674 3206 777 3289 spicea
798 3217 880 3268 serta
904 3224 1021 3268 comae.

255 3379 326 3442 Neu
347 3403 450 3446 cumea
472 3386 518 3446 ire
540 3407 649 3468 neges,
676 3384 818 3469 quamvis
838 3384 890 3446 via
907 3384 1000 3463 longa
1021 3395 1164 3465 paretur,

296 3492 335 3555 Et
358 3494 453 3559 Canio
475 3503 576 3562 arenti
596 3511 714 3565 torreat
738 3519 813 3562 arva
832 3496 894 3560 aiti.

648 3615 718 3629 β

253 3668 315 3731 leta
335 3670 412 3734 haee
430 3673 598 3753 persuadet
619 3676 728 3755 laciea,
757 3694 900 3757 maroque
919 3674 1051 3737 lacertos

294 3783 421 3848 Vinciat
445 3798 476 3849 et
497 3789 597 3872 Tyrio
616 3786 749 3871 prodeat
771 3799 844 3870 apta
865 3788 946 3854 sinu.

251 3960 333 4021 Tum
355 3964 467 4044 procul
489 3966 612 4043 absitia,
637 3967 779 4051 quisquis
801 3967 875 4030 colit
895 3978 961 4027 arte
983 3960 1127 4042 capillos,

294 4073 334 4136 Et
357 4076 426 4140 lluit
448 4080 547 4145 offuso
574 4083 623 4145 cui
644 4095 715 4164 toga
733 4085 807 4146 laxa
835 4084 916 4145 sinu.
