3009 4725
330 350 399 425 24·
645 348 830 425 TIBULLI
864 352 948 428 LlB.
970 358 994 429 1.
1016 371 1042 429 6.

333 537 436 613 etTe.
451 562 587 641 semper
612 556 795 644 natamque
821 559 914 619 tuam
937 562 970 620 te
991 563 1133 649 propter
1155 552 1297 629 amabo:

423 666 600 770 Quicquid
626 669 714 770 agit,
745 674 886 773 sanguia
908 693 959 750 est
984 693 1097 753 tamen
1119 678 1178 755 itta
1200 700 1288 756 tuns.

373 795 427 870 Sit
450 795 556 872 modo
582 816 693 889 cauta,
726 800 831 893 doce,
856 805 1010 905 maruvio
1035 835 1105 882 non
1128 809 1209 883 vitta
1232 808 1354 911 ligatos

419 926 589 1027 Impediat
610 929 721 1003 erineo
747 957 812 1006 nec
837 932 923 1008 stola
947 933 1050 1034 longa
1075 936 1190 1037 pedes.

371 1055 416 1130 Et
440 1055 525 1130 mihi
550 1057 620 1131 sint
639 1057 746 1133 durae
769 1058 879 1161 leges,
911 1062 1052 1139 laudare
1076 1094 1140 1142 nec
1165 1066 1270 1143 ullam

329 1204 368 1260 70
425 1185 560 1261 Possim
583 1213 666 1286 ego,
698 1189 783 1290 quin
806 1189 924 1266 oculos
951 1211 1088 1295 appetat
1109 1194 1168 1269 illa
1189 1181 1302 1285 meos,

370 1312 415 1387 Et
439 1313 555 1417 siquid
579 1343 737 1417 peccasse
764 1335 882 1419 puter,
915 1320 1089 1425 ducarque
1111 1324 1242 1426 capillis

421 1444 583 1518 Inmerito
605 1473 733 1547 pronas
760 1448 999 1551 proripiarque
1025 1451 1105 1525 vias.

365 1572 444 1647 Nou
472 1600 536 1673 ego
559 1591 592 1649 te
618 1574 756 1676 pulsare
778 1576 896 1668 velim,
927 1578 1006 1668 sed,
1034 1579 1163 1654 venerit
1187 1579 1249 1654 iste

421 1703 460 1777 Si
485 1704 600 1796 furor,
632 1707 779 1811 optarim
803 1735 874 1783 non
900 1706 1063 1784 habuisse
1087 1737 1227 1785 manus:

330 1835 445 1911 75Nec
471 1863 571 1911 saevo
597 1838 644 1912 eis
671 1857 763 1913 carta
788 1855 899 1930 metu,
934 1840 997 1915 sed
1022 1859 1134 1916 mente
1159 1838 1268 1915 fideli:
1375 1835 1401 1884 ⁹

420 1964 562 2041 Mutuus
588 1967 720 2043 absenti
745 1986 779 2045 te
804 1969 890 2045 mihi
912 1987 1022 2046 servet
1044 1998 1148 2045 amor.

370 2093 433 2186 At,
467 2125 555 2198 quae
578 2096 649 2175 fida
672 2098 738 2174 suit
763 2099 867 2190 nulli,
900 2118 980 2201 post
1003 2100 1088 2171 victa
1114 2113 1247 2170 senecta

418 2225 524 2301 Ducit
548 2227 650 2332 inops
676 2228 819 2303 tremula
848 2227 993 2301 stamina
1019 2243 1106 2298 torta
1129 2251 1234 2298 mauu

367 2355 550 2461 Firmaque
567 2357 745 2433 conductio
772 2354 921 2430 adnectit
944 2353 1023 2430 licia
1048 2351 1122 2429 telis

328 2506 366 2562 80
422 2487 613 2589 Tractaque
639 2486 682 2560 de
707 2487 808 2561 niveo
832 2484 954 2561 vellere
981 2485 1084 2560 dueta
1109 2500 1216 2585 putat

366 2619 465 2694 Hanc
491 2618 606 2693 animo
633 2618 804 2720 gaudente
822 2619 939 2693 vident
954 2619 1183 2719 iuvenumque
1199 2632 1349 2691 catervae

420 2751 696 2826 Commemorant
720 2751 841 2824 merito
868 2766 917 2824 tot
943 2748 1032 2824 mala
1059 2749 1147 2823 ferre
1173 2775 1306 2836 senem,

367 2880 465 2954 Hanc
491 2885 607 2957 Venus
633 2908 674 2955 ex
697 2878 766 2953 alto
790 2878 926 2953 flentem
952 2878 1109 2954 sublimis
1133 2877 1285 2983 Olympo

329 3014 332 3018 ’
419 3009 557 3112 Spectat
583 3027 616 3084 et
640 3007 758 3083 infidis
782 3036 885 3111 quam
912 3009 957 3084 eit
982 3009 1105 3085 acerba
1126 3026 1253 3083 mouet

328 3141 467 3219 mflaec
494 3139 568 3217 aliis
594 3138 774 3215 maledicta
799 3138 940 3214 cadant:
978 3169 1059 3230 nos,
1084 3138 1202 3227 Delia,
1225 3138 1349 3212 amoris

421 3270 621 3378 Exemplum
643 3298 728 3347 caua
752 3268 860 3344 aimus
886 3288 1029 3377 uterque
1055 3296 1161 3345 coma.
1253 3338 1255 3343 .

400 3532 433 3585 V.
445 3537 489 3588 ott.
512 3534 601 3602 agit,
619 3540 700 3588 recte.
736 3533 809 3588 Melo
826 3533 1039 3598 Brouruutrna,
1057 3533 1187 3596 vorator,
1205 3528 1348 3581 Wuunnr·

329 3644 454 3698 utentur,
480 3631 619 3700 Bruuius,
643 3634 819 3697 (tornuerre,
833 3648 867 3687 ex
884 3633 942 3686 ultio
959 3640 1042 3702 agot,
1067 3628 1136 3697 quod
1156 3628 1278 3681 alienum.

401 3758 433 3810 V.
444 3760 490 3812 rt.
519 3757 643 3812 Praefero
669 3775 728 3813 eum
749 3759 849 3839 ‚lutura
875 3764 991 3827 puter,
1025 3761 1055 3810 ut
1082 3728 1211 3811 etit'riri.
1256 3754 1351 3808 Laou-

329 3871 443 3909 uaunua
462 3865 557 3925 putet,
583 3857 653 3926 quod
671 3858 791 3912 Pnoorua
810 3857 895 3910 offert.
932 3855 1005 3908 Libet
1020 3864 1123 3926 putot,
1144 3863 1237 3925 putor.

400 3983 433 4037 V.
447 3988 491 4036 06.
521 3983 638 4038 rimor.
684 3984 764 4041 Quod
794 3989 930 4054 praetereo
960 3982 1070 4037 hebetur
1097 3990 1217 4043 atemua,
1252 3978 1353 4033 videtur

329 4081 475 4137 emendatio
494 4097 560 4136 eote.
