3009 4725
279 374 340 430 tiri
510 366 795 436 COMMENTAR.
819 369 866 432 ΙΝ
887 368 1063 435 TlBULLI

280 541 601 596 oi.Bsouonussurr.-.-
619 541 728 611 Pergitr
748 539 836 595 Huic
853 548 951 610 peret
964 549 1068 611 siquo
1086 545 1208 612 opuiss
1226 543 1301 613 ipss

279 642 436 694 miuisirs
453 649 571 710 geret,
597 641 625 700 is.
644 660 669 700 e.
687 643 748 698 uuio
766 651 842 714 peret
860 648 951 714 epuiss
966 652 1045 712 etque
1062 649 1153 711 pent,
1177 643 1300 698 subsun-

279 739 332 791 tivo
350 741 475 794 ambobus
492 742 577 795 verbis
595 743 727 798 communi
745 743 772 796 iu
791 742 907 797 secundo
930 743 1045 796 membro
1062 743 1166 810 posito,
1194 740 1246 794 rid.
1264 741 1298 794 sd

279 837 301 905 1,
318 843 346 905 2,
360 844 403 894 42
441 841 500 896 Hoc
514 844 573 897 ioco
590 845 628 899 sio
646 844 781 900 uorrosior
797 845 827 896 ut
843 843 974 911 oppositio
991 840 1129 893 verborum
1146 846 1246 909 peret
1260 868 1296 879 -

279 948 390 1007 geret
425 942 544 1011 Desique
560 954 641 1016 gerat
658 954 713 999 est:
732 943 833 1005 ασθαι,
851 941 930 993 reiuti
947 940 1023 1005 1,1u,
1037 941 1090 991 tir
1109 938 1232 990 mairem
1246 955 1297 1010 ge-

279 1056 338 1090 raus
356 1047 396 1093 est
414 1057 453 1111 pr.
472 1043 554 1096 ierem
572 1071 607 1083 -
637 1042 669 1096 V.
687 1044 723 1093 tis
740 1055 798 1106 sqq.
832 1036 925 1090 Finitis
952 1035 1165 1090 mrooeieotitos
1189 1035 1299 1090 tortis

280 1139 474 1211 descriptio
492 1141 665 1205 succedit,
681 1137 740 1192 ubi
759 1137 903 1190 dotores
920 1136 1103 1191 subsecuti
1121 1150 1299 1206 expouuu-

280 1243 343 1290 tur.
370 1265 404 1279 -
439 1243 579 1297 Queriturr
607 1238 789 1306 Eurusque
815 1237 1013 1305 Notusque,
1039 1237 1194 1307 tepidissimi
1220 1237 1300 1301 venti,

279 1337 392 1392 ludibrio
416 1338 512 1392 hsbeut
536 1338 601 1394 iuer
627 1345 656 1392 et
681 1340 780 1393 isotrut
805 1340 831 1392 iu
855 1339 1004 1406 longinquis
1032 1337 1192 1406 regionibus.
1236 1333 1297 1387 Nou

278 1438 361 1505 igitur
379 1437 441 1491 dicit
460 1443 563 1507 porteto
580 1438 615 1491 rb
633 1437 700 1491 urbo
717 1436 757 1491 his
774 1437 839 1506 ipsis
862 1437 948 1491 voutis
965 1437 992 1490 iu
1011 1436 1145 1491 (irisutem
1164 1439 1225 1488 roto
1243 1448 1299 1497 sus,

279 1536 349 1605 quod
371 1537 428 1590 fleri
446 1551 497 1590 uon
517 1542 636 1606 poterut,
661 1535 708 1590 sed
727 1536 815 1590 misto
838 1533 1008 1604 (quoeunque
1026 1536 1052 1588 vi
1070 1534 1190 1602 inimice)
1207 1534 1235 1586 iu
1252 1546 1301 1600 pe-

278 1638 384 1705 regrino
404 1637 462 1690 suio
486 1633 576 1690 heberi
593 1641 621 1689 et
639 1635 734 1704 scituri
754 1642 783 1688 et
800 1635 892 1688 iactari
910 1633 984 1687 Euro
1002 1633 1134 1700 Notoquu.
1177 1630 1302 1685 cetomm

280 1737 340 1791 ride
357 1736 391 1790 ed
408 1736 431 1804 1,
449 1739 475 1803 4,
491 1739 537 1790 82.
555 1763 591 1775 -
617 1750 677 1806 por
691 1735 891 1801 Armenios,
910 1750 959 1804 per
976 1733 1132 1788 Aroesism
1168 1730 1302 1786 Nomiusri

282 1835 383 1889 videtur
400 1834 465 1889 issue
482 1835 558 1903 regio
576 1840 606 1888 ut
624 1848 688 1904 prae
711 1834 770 1888 eiiis
787 1834 865 1887 Asise
891 1834 970 1888 terris
993 1831 1065 1887 ediis
1084 1836 1112 1886 et
1134 1834 1249 1884 veutoss.
1266 1856 1303 1870 -

282 1936 460 2003 odoretur,
486 1940 593 2005 propter
611 1934 719 1989 iruiioes
735 1935 938 1998 horreolum,
962 1931 1089 2002 inprimis
1105 1945 1251 1994 amomum,
1268 1929 1302 1983 de

283 2054 336 2107 quo
353 2038 453 2092 Plinius
471 2036 533 2104 xli,
550 2041 597 2091 Β.
615 2037 694 2091 dicitu
718 2035 845 2090 numitor
861 2044 889 2088 et
905 2033 937 2087 s'ss
953 2030 1099 2086 Amostae
1116 2039 1212 2099 parte,
1230 2046 1301 2101 quus

282 2144 398 2188 vocatur
415 2138 509 2188 osone.
544 2135 654 2189 Dubitat
672 2135 804 2190 Hurrsrus
829 2148 863 2186 su
890 2130 941 2185 hoo
965 2137 1018 2185 iem
1043 2136 1164 2184 sooursto
1187 2128 1300 2182 tenuerit

282 2241 376 2304 poetr3
394 2236 511 2304 potuisse
527 2235 662 2306 epitheton
678 2251 695 2288 ι
712 2235 788 2302 Syris
806 2240 834 2287 et
852 2231 981 2286 Arubium
999 2228 1033 2282 ud
1051 2228 1149 2281 rtoioos
1163 2229 1301 2282 Armenios

285 2331 396 2388 trsduri.
433 2333 549 2389 Vossius
568 2342 655 2389 tsmeu
673 2339 747 2388 recto
764 2332 798 2386 de
815 2332 896 2402 ipsius
914 2327 1052 2384 Armeniae
1072 2341 1175 2382 amomo
1192 2327 1300 2395 cogitet

283 2432 357 2486 Idem
383 2431 507 2487 describit
530 2446 662 2487 smomum
684 2430 719 2485 sd
743 2431 828 2485 vrso.
851 2428 946 2497 Eeiug.
963 2426 1012 2493 iii,
1028 2429 1074 2478 89·
1110 2425 1229 2494 Denique
1254 2441 1302 2479 our

282 2527 334 2584 iroo
350 2527 484 2598 epitheton
501 2529 653 2586 sdiootumi
689 2528 805 2582 Oruutus
823 2542 920 2592 ωας
937 2524 985 2579 sod
1003 2540 1037 2580 ue
1054 2525 1154 2579 otiosus
1172 2525 1207 2578 sit
1223 2539 1304 2579 orus-

282 2636 335 2697 tus,
352 2628 417 2684 bueo
432 2631 516 2687 sides
536 2632 604 2687 Guus
622 2632 735 2687 uoueri
753 2631 892 2702 piurimum
910 2634 1047 2683 uterentur
1064 2625 1189 2681 odoribus
1205 2627 1302 2681 Orien·

282 2728 318 2783 tis
334 2735 407 2785 trsus
422 2746 495 2786 srsrs
508 2732 641 2801 sdreotis,
666 2734 763 2789 eierior
777 2734 865 2802 imaro
881 2732 921 2786 sio
936 2729 1070 2784 oriobstur
1086 2727 1178 2782 ieetori
1196 2726 1303 2799 tangis·

282 2825 407 2899 quitatio.
442 2829 582 2896 Feruntur,
598 2833 644 2897 sit,
663 2832 688 2884 iu
707 2831 886 2884 remotissimis
904 2829 962 2883 istis
978 2828 1128 2897 regionibus
1145 2834 1217 2881 treus
1231 2842 1303 2880 muro

282 2927 355 2993 sitis,
380 2926 450 2982 uudo
474 2928 570 2983 odores
597 2929 632 2984 sd
658 2946 706 2984 uos
736 2933 851 2985 veniunt.
898 2930 986 2997 Atque
1015 2926 1079 2982 iseo
1107 2925 1240 2981 hsoteous.
1266 2953 1303 2966 -

283 3025 316 3080 V.
334 3030 370 3080 ut
389 3043 445 3095 sqq.
481 3028 608 3084 smoedit
635 3031 740 3085 nitimur
764 3032 837 3085 iocus
863 3031 928 3100 ipss.
964 3034 1135 3095 vorturst,
1166 3028 1303 3081 ouuiestim

281 3126 367 3179 vertit.
403 3127 464 3180 Nou
490 3133 562 3181 rorte
590 3128 872 3198 plusquamperfectum
898 3129 970 3197 oepit
995 3127 1240 3182 Wursussuruurus
1267 3124 1302 3179 sd

282 3228 417 3293 sequentis
435 3225 462 3280 iri
479 3225 604 3283 roiereus.
621 3252 656 3268 -
682 3228 716 3283 V.
735 3231 779 3282 4⁰.
806 3228 1007 3295 Admonuit,
1033 3228 1139 3297 proprie
1157 3233 1186 3281 et
1201 3226 1304 3294 siguifi-

282 3331 387 3390 osuter3
412 3326 452 3380 sio
475 3326 545 3381 euius
569 3325 678 3393 dioitur,
707 3327 779 3395 quod
804 3344 864 3382 oum
887 3329 979 3383 souiso
1000 3327 1089 3394 siiquo
1106 3326 1133 3378 is
1150 3325 1301 3380 memorium

281 3420 358 3475 uobis
374 3422 451 3489 rodit,
466 3425 505 3477 sit
521 3425 744 3491 honorumue,
763 3426 807 3494 qui
825 3429 941 3481 Gronov.
962 3424 1076 3480 Distrib.
1094 3424 1121 3478 iu
1138 3425 1217 3479 suut
1233 3424 1299 3477 sus.

282 3539 306 3576 o.
324 3526 370 3575 tu.
394 3524 482 3579 lsudut
506 3533 534 3581 et
551 3530 608 3597 ipse
625 3530 746 3600 erumpis
764 3530 882 3599 sppouit.
919 3525 994 3582 Addo
1011 3527 1180 3582 Ruurrsrrrsrr
1197 3525 1302 3578 Diouis

282 3620 310 3672 iu
334 3618 410 3673 ovid.
437 3622 545 3677 uoroii.
571 3642 633 3695 pop.
651 3631 696 3683 ²4.
724 3628 795 3683 odito
822 3645 839 3682 s
861 3627 1043 3682 Fridessuusu.
1060 3652 1097 3666 -
1129 3623 1303 3687 deseruit,

249 3770 257 3787 ,
283 3732 336 3771 uou
353 3717 478 3774 sdiursss
496 3728 600 3790 poetsm
619 3725 644 3777 iu
663 3741 705 3792 eo,
722 3725 793 3794 quud
810 3726 915 3794 ηοω,
951 3726 1075 3778 Ceterum
1093 3723 1213 3777 iulurium
1230 3720 1303 3775 ioue·

283 3819 320 3873 riu
345 3819 439 3874 Musae
464 3820 577 3889 Tibulli,
605 3824 629 3877 si
653 3842 712 3881 oum
738 3827 826 3881 Ovidii
852 3828 946 3881 lesciis
971 3825 1045 3894 poesi
1071 3823 1134 3877 tuiis
1160 3833 1303 3890 compares.

282 3919 353 3974 Sunt
375 3922 479 3989 quidem
503 3924 555 3979 ioci
579 3926 711 3988 nonnulli,
738 3927 784 3980 ubi
809 3927 900 3980 tsiium
919 3939 1005 3978 rerum
1023 3923 1181 3978 mentionem
1198 3917 1304 3974 sdmisit

282 4015 420 4085 Tibuiius,
446 4020 493 4075 sed
512 4021 575 4075 ierit
597 4037 650 4076 uou
666 4023 723 4076 siue
741 4039 837 4089 rums,
865 4030 896 4077 ut
914 4023 941 4077 iu
963 4023 1159 4087 exsecutione,
1185 4019 1220 4073 oi.
1238 4016 1305 4071 iuiru

283 4129 309 4169 r.
329 4119 420 4175 tt..et
439 4118 460 4184 i,
477 4122 503 4185 9,
526 4123 564 4174 tii
580 4136 638 4189 sqq.
664 4121 708 4175 ubi
733 4122 793 4177 vide
816 4129 912 4177 uotrts.
948 4120 984 4175 Et
1012 4137 1079 4176 suuo
1103 4119 1208 4188 quidum
1234 4117 1305 4185 quod
