3009 4725
332 354 395 418 sta
564 354 848 424 conuiuium.
868 359 914 427 IN
937 361 1113 426 TlBULLl

332 529 422 596 cisque
446 542 534 582 sonus.
572 527 669 584 uuidar
696 530 777 597 igitur
801 532 879 586 etiam
903 533 931 586 lu
955 535 1002 588 tall
1027 533 1116 603 specie
1140 531 1273 603 proposita
1292 531 1357 586 insit

334 628 443 680 multum
467 626 665 695 persuasionis?
701 629 768 685 Quis
785 631 852 684 enim
870 632 975 685 resistat
993 631 1157 701 pulcherrimi
1174 630 1216 683 dei
1237 629 1357 699 pala-,bris

332 727 442 780 rsrbisi
477 727 601 781 Fortasse
618 727 753 784 crederem
772 727 824 786 boc
841 733 954 786 rolulsse
972 739 1091 803 poetam,
1114 729 1233 786 simodo
1253 744 1353 798 seque-

331 832 423 880 rentur
439 824 547 896 pnlclrra
564 827 597 879 ud
613 827 742 885 Neaeram
761 831 840 884 verbs
858 838 886 885 et
902 831 1063 885 lrortaarsota
1076 830 1126 895 dei,
1145 836 1175 884 et
1192 840 1352 895 congrueret

331 927 414 980 altera
436 941 498 995 pars
522 927 611 996 priori.
648 928 725 982 Nnuc
746 935 834 982 autem
851 930 927 981 efisae
944 927 994 980 boc
1011 942 1063 979 uon
1083 926 1186 991 videas,
1210 923 1289 978 babet
1305 929 1348 979 al-

331 1033 388 1078 tera
408 1040 467 1094 pars
484 1024 596 1080 ieiunam
614 1027 817 1082 consolationem
834 1025 978 1091 Lygdsmi,
994 1024 1069 1078 culus
1086 1040 1164 1078 curas
1182 1025 1269 1078 leuare
1286 1031 1346 1079 atu-

331 1124 378 1177 det
397 1123 477 1189 deus,
496 1123 530 1176 ad
546 1125 674 1179 Neaeram
690 1130 793 1189 sutem,
810 1139 878 1189 quae
894 1123 1082 1178 commoreuda
1099 1130 1174 1191 erat,
1192 1128 1351 1194 paucissima

331 1224 411 1279 rerba
442 1225 513 1278 nulla
543 1226 576 1278 vi.
624 1222 674 1277 Est
700 1223 781 1290 igitur
805 1225 882 1294 plane
908 1230 1011 1278 certum
1037 1239 1090 1280 uon
1116 1224 1251 1291 cogitasse
1279 1225 1352 1280 clare

332 1323 513 1391 Lygdamum,
538 1320 602 1390 quid
617 1323 698 1376 vellet
715 1319 765 1375 bac
779 1338 827 1375 sua
844 1324 1036 1392 compositione
1053 1323 1191 1388 carminis,
1217 1327 1245 1375 et
1263 1323 1351 1391 posita

332 1428 373 1478 est
390 1421 530 1492 descriptio
548 1419 652 1474 babitus
670 1421 751 1474 diuini
769 1422 841 1473 nullo
858 1426 933 1474 certo
950 1421 1069 1485 consilio,
1088 1420 1135 1474 sed
1153 1436 1213 1474 cum
1232 1419 1350 1474 wecta-

332 1529 404 1575 retur
422 1532 500 1592 poeta
518 1522 613 1575 talibus
631 1522 858 1591 descriptionibus,
876 1537 925 1575 nec
939 1521 1160 1591 praetermitteret
1174 1523 1350 1590 occasionem,

331 1625 375 1678 ubi
399 1624 462 1693 qnid
486 1622 632 1679 huiusmodi
657 1625 747 1678 inferri
775 1640 853 1694 posse
876 1623 1025 1689 rideretur,
1050 1624 1130 1677 imaro
1154 1624 1265 1691 eligeret
1287 1640 1351 1693 prae

330 1725 389 1778 allis
407 1725 468 1777 talla
488 1731 649 1790 argumenta.
695 1724 756 1778 Non
780 1726 912 1791 cogitasse
935 1730 1022 1776 autem
1039 1723 1205 1790 Lygdamum
1224 1722 1265 1777 bic
1288 1724 1351 1790 ouid

331 1823 440 1877 deberet
467 1823 599 1889 scribere,
638 1823 752 1890 deniqne
779 1822 858 1875 etlam
888 1821 1025 1875 exordium
1053 1821 1163 1891 probat,
1199 1822 1243 1875 nbi
1271 1821 1351 1875 tidem

330 1925 490 1978 somniorum
508 1925 596 1977 eierat
612 1927 640 1976 et
656 1922 735 1991 plane
758 1927 855 1988 negat,
884 1928 965 1988 atque
990 1922 1028 1974 ita
1053 1921 1104 1974 rim
1125 1920 1280 1974 narrationis
1304 1937 1352 1975 se-

330 2027 435 2093 quentis
459 2024 569 2089 euertit,
598 2038 651 2091 qua
677 2038 843 2076 commorere
870 2021 1000 2075 Neaeram
1027 2021 1139 2074 uolebat.
1182 2021 1267 2074 immo
1293 2022 1350 2089 ipse

330 2126 426 2195 Apollo
444 2129 589 2193 repugnat,
613 2124 658 2191 qui
675 2123 737 2177 data
755 2139 836 2192 opera
853 2124 988 2178 veritatem
1005 2123 1135 2176 dictorum
1152 2138 1262 2176 suornm
1274 2122 1350 2175 atur·

332 2231 395 2277 mat.
432 2224 511 2280 Quod
528 2224 627 2278 notarit
647 2224 725 2275 etlam
741 2224 867 2277 Vossius.
903 2225 990 2289 Atque
1013 2220 1079 2275 baec
1104 2220 1234 2275 lmrtmm
1267 2219 1350 2272 Insti-

332 2324 429 2377 lnlruns
456 2321 501 2376 bas
528 2323 659 2388 longiores
683 2321 871 2390 disputationes
898 2336 951 2374 nun
975 2327 1029 2375 tam
1054 2326 1162 2392 propter
1187 2319 1350 2390 Lygdamum

332 2440 409 2491 qnam
436 2428 545 2491 propter
568 2421 717 2488 Tibullum,
743 2437 820 2490 quem
844 2438 896 2477 non
920 2440 981 2479 esse
1005 2440 1084 2496 posse
1101 2424 1194 2481 borum
1210 2426 1350 2480 carniae·

332 2534 465 2581 auctorem
483 2525 517 2578 ab
535 2525 604 2580 omni
623 2530 698 2596 parte
715 2525 847 2580 docemus.

737 2801 943 2818 Μ

710 3042 976 3110 uxrnncarro.
1031 3136 1035 3143 ἢ

405 3300 436 3353 V.
457 3305 547 3355 1-16.
582 3298 779 3355 Exordium.
814 3301 1024 3357 Deteststur
1047 3309 1155 3373 poeta
1176 3304 1352 3370 somnium,

332 3409 398 3464 quo
416 3394 580 3455 hesterna
596 3408 700 3456 nocte
718 3400 881 3455 turbatus
898 3408 990 3469 erat,
1016 3410 1049 3457 et
1071 3405 1227 3471 quamvis
1249 3403 1352 3459 omui-

333 3509 374 3548 no
400 3511 530 3562 neguus
556 3502 660 3556 tidem
682 3505 824 3559 somniis
851 3503 1056 3572 babendum,
1085 3509 1206 3560 maluru
1231 3513 1352 3569 tamen,

334 3596 421 3664 quod
444 3603 637 3667 perterruit
655 3607 814 3674 animum,
841 3614 1007 3677 precetur
1023 3609 1108 3663 deos
1125 3615 1162 3661 ut
1179 3611 1352 3663 auertant·

403 3703 530 3768 v.1rq.
565 3702 620 3756 Dii
645 3709 788 3763 meliora
813 3711 933 3766 ierant.
969 3711 1021 3765 Eat
1043 3713 1153 3766 formula
1177 3728 1283 3777 eornm,
1305 3710 1354 3777 uui

332 3801 514 3857 abominantur
531 3804 628 3873 aliquid
646 3812 675 3860 et
691 3808 878 3878 deprecantur,
902 3815 932 3862 ut
955 3816 1074 3875 constat,
1097 3818 1128 3864 et
1152 3809 1193 3864 bic
1216 3812 1351 3874 Scaurus,

332 3904 473 3970 Vnnnrus,
501 3904 632 3959 Hurnrus
657 3913 748 3961 notent
774 3914 802 3961 ct
828 3908 861 3961 ad
888 3908 965 3961 Ouid.
992 3908 1059 3962 Met.
1083 3909 1143 3975 Vll,
1168 3913 1214 3962 bl.
1244 3908 1355 3977 copiose

333 3998 470 4057 Hnrnsws
489 4003 588 4057 docuit.
623 4005 751 4059 Similiter
768 4005 864 4059 dicitur
881 4004 910 4055 di
932 4003 1144 4066 melius,0v1n.
1162 4009 1220 4060 Art
1239 4009 1298 4061 dms
1316 4005 1353 4073 tl,

332 4099 394 4153 88⁸.
424 4101 696 4173 Heroid.lll,12tl.,
724 4106 834 4176 aliisquo
858 4107 884 4159 in
909 4105 974 4161 locis
1002 4123 1045 4177 sp.
1068 4108 1220 4164 Humerus.
1240 4136 1274 4148 —
1305 4107 1356 4163 iu-
