3009 4725
465 396 651 470 TlBULLI
685 397 771 471 ΠΒ.
790 400 845 472 lv.
866 415 891 472 t.
1139 409 1188 479 77

221 583 440 685 Erigoneque
462 584 650 688 Canisque,
681 602 783 682 neget
808 611 851 658 ne
875 582 1014 684 longior
1035 601 1134 660 aetas.

222 714 317 812 Quin
344 714 448 788 etiam
474 715 612 790 Alcides
640 711 727 787 deus
751 741 955 788 ascensurus
976 714 1165 819 Olympum

214 846 317 918 Laeta
339 842 549 917 Molorcheis
574 843 691 945 posuit
716 844 857 941 vestigia
884 844 999 939 tectis,

223 974 400 1072 Parvaque
426 971 578 1045 caelestis
605 971 750 1072 placavit
776 972 881 1060 mica,
916 1000 979 1047 nec
1003 969 1069 1045 illis

185 1119 221 1175 15
230 1102 374 1201 Semper
396 1100 553 1174 inaurato
574 1117 693 1174 taurus
719 1101 811 1174 cadit
838 1100 947 1188 hostia
974 1129 1091 1174 cornu.

225 1230 291 1304 Hic
308 1258 445 1331 quoquc
462 1230 505 1303 sit
522 1247 640 1327 gratus
655 1257 781 1330 parvus
796 1227 904 1318 labor,
925 1247 964 1304 ut
977 1230 1037 1303 tibi
1053 1230 1184 1331 possim

222 1356 309 1430 lnde
335 1356 420 1431 alios
446 1358 599 1458 aliosque
625 1383 757 1431 memor
782 1386 986 1459 componere
1012 1385 1137 1432 versus.

271 1484 368 1560 Alter
392 1487 485 1562 dicat
510 1515 599 1589 opus
625 1486 741 1585 magni
767 1487 922 1561 mirabile
948 1486 1089 1574 mundi,

221 1612 343 1710 Qualis
368 1616 405 1689 in
430 1617 588 1692 inmenso
615 1614 784 1690 desederit
810 1644 885 1691 acre
911 1614 1027 1705 tellus,

181 1742 350 1840 20Qualis
374 1763 408 1818 et
431 1746 468 1819 in
490 1775 632 1821 curvum
654 1764 782 1847 pontus
808 1745 1008 1821 confluxerit
1033 1746 1169 1838 orbem,

219 1873 265 1945 Et
289 1901 412 1971 vagus,
444 1904 462 1948 e
489 1877 587 1950 terris
614 1906 682 1978 qua
707 1904 848 1975 surgere
873 1876 1010 1965 nititur,
1045 1903 1121 1966 aer,

220 2002 310 2077 Huic
337 2024 370 2080 ct
394 2022 567 2080 contextus
593 2006 720 2108 passim
746 2005 830 2079 fluat
851 2005 972 2103 igneus
996 2002 1129 2092 aether,

218 2134 456 2237 Pendentique
482 2163 587 2237 super
611 2135 817 2210 claudantur
841 2154 879 2209 ut
905 2133 1020 2207 omnia
1043 2132 1155 2207 caelo:

222 2263 285 2353 At,
310 2264 542 2368 quodcunque
568 2293 663 2340 meae
684 2282 845 2369 poterunt
860 2264 985 2340 audere
1003 2263 1181 2353 Camenae,

181 2395 295 2468 258eu
307 2396 368 2470 tibi
382 2426 446 2498 par
460 2415 622 2498 poterunt
635 2425 706 2487 seu,
728 2395 823 2500 quod
840 2424 918 2499 spes
937 2396 1067 2485 abnuit,
1093 2393 1182 2469 ultra

224 2522 301 2595 Sive
311 2525 423 2599 minus
433 2530 605 2628 (certeque
616 2527 888 2624 canentminns),
907 2553 1007 2599 omne
1020 2552 1180 2599 vovemus

219 2652 296 2723 Hoc
322 2652 401 2741 tibi,
433 2681 496 2727 nec
514 2672 609 2729 tanto
635 2672 748 2730 careat
772 2653 857 2726 mihi
874 2653 1022 2725 carmine
1049 2652 1175 2727 charta.

216 2782 316 2871 Nam,
326 2812 520 2885 quanquam
529 2778 1181 2886 antiquaegcntissuperanttihilaudes,

219 2912 299 2985 Non
325 2931 381 2987 tua
405 2915 574 2989 maiorum
602 2931 760 2989 contenta
786 2930 836 2986 est
861 2910 968 3010 gloria
996 2909 1104 2995 fama,

180 3040 294 3114 ³0Nec
317 3043 452 3142 quaeris
466 3045 552 3145 quid
572 3071 707 3145 quaque
723 3042 826 3116 index
838 3040 903 3115 sub
918 3038 1066 3137 imagine
1081 3037 1181 3125 dicat,

223 3169 292 3243 Sed
319 3173 453 3269 generis
476 3174 609 3274 priscos
631 3171 810 3248 contendis
833 3170 966 3243 vincere
990 3167 1158 3255 honores,

220 3295 336 3393 Quam
359 3301 421 3375 tibi
447 3303 596 3378 maiores
621 3302 732 3377 maius
758 3300 862 3375 decus
888 3300 962 3400 ipse
988 3296 1130 3370 suturis:

230 3518 263 3573 V.
277 3523 318 3573 14.
343 3522 496 3589 placavit
520 3525 617 3592 lnior,
649 3524 719 3592 quod
744 3522 858 3577 restituit
880 3521 1092 3584 Bnooxnusrnt,
1123 3516 1182 3569 librl

160 3615 278 3683 plerique
295 3620 417 3687 pacavit.

229 3715 318 3772 ΠΙ.
337 3719 394 3772 libri
413 3735 437 3773 e.
475 3722 565 3788 Vulgo
582 3737 600 3771 α
618 3721 652 3775 de
669 3722 818 3777 coniectura
832 3721 971 3786 Bnrnrr,
992 3717 1063 3787 quod
1081 3716 1183 3784 etipse

159 3812 250 3879 probo·
268 3844 303 3856 -
346 3819 435 3874 m
458 3826 494 3872 et
514 3821 581 3875 libri.
617 3822 738 3875 Ponetur
763 3822 830 3873 beno
853 3830 898 3877 ut.
913 3848 950 3860 ·-
991 3820 1024 3873 V.
1035 3822 1080 3870 25.
1098 3814 1183 3879 ultro,

158 3912 238 3978 rotgo
255 3915 324 3981 qnod
349 3916 493 3984 probetur,
514 3932 564 3972 non
584 3926 624 3972 ert
642 3921 669 3975 in
690 3920 779 3985 doris,
803 3924 831 3972 et
848 3917 896 3970 aad
912 3934 952 3987 pr.
970 3933 1017 3968 seu
1036 3916 1061 3967 tn
1084 3913 1183 3983 paucis.

158 4007 257 4064 Tamen
274 4014 485 4069 scommatice.
518 4016 678 4085 Proprguvit
691 4017 823 4073 Vnumne
836 4042 871 4055 ·—
907 4015 940 4068 V.
950 4017 994 4069 26.
1013 4024 1183 4068 voremus.

158 4104 210 4159 Atti
228 4108 288 4163 bont
308 4129 463 4179 movemus,
484 4115 551 4168 male
569 4114 638 4183 quod
659 4115 757 4184 ptrcuit
774 4112 937 4182 quibusdam.
