3009 4725
622 209 634 242 d

300 327 341 437 co
542 376 823 446 corrutione.
843 387 889 449 nv
911 387 1085 454 vinum

302 554 383 608 Orrn.
399 552 465 608 blei.
480 554 540 620 vn,
553 558 616 608 590.
653 556 692 610 Ac
708 557 895 613 recordabatur
913 560 1052 617 Hermon
1060 564 1218 620 locutionem
1239 566 1320 620 verbo

299 653 407 734 potino,
425 652 451 708 h.
469 670 493 709 a.
510 656 604 722 quibua
623 658 720 712 utimur
737 659 764 713 iu
783 662 865 727 votir,
890 663 984 731 quibua
1001 680 1131 719 vovemua.
1169 666 1237 720 Vide
1254 683 1317 721 vero

267 789 274 798 -
300 761 383 809 totum
409 756 494 810 iocum
518 757 624 812 Tibulli.
661 761 715 817 Qui
739 768 799 815 vota
826 763 905 830 iacit,
933 765 973 818 vei
1000 766 1116 832 legitime
1140 780 1214 818 sacra
1240 771 1318 819 vovet

298 855 414 908 etodioaa
429 871 460 909 ae
477 856 687 927 observaturum,
707 862 749 915 vei
769 863 909 932 peculiaria
926 864 1050 932 quaedam
1069 864 1203 933 promittit
1241 865 1316 918 Delia

297 960 437 1023 utrumque
454 954 560 1010 fecerat.
602 958 704 1014 Sedere
721 961 825 1016 volabat
841 968 902 1017 eota
919 963 1044 1031 temptum
1062 979 1110 1032 per
1127 968 1228 1018 eertum
1247 965 1315 1017 terh-

298 1067 347 1121 pur
363 1059 391 1105 et
407 1059 543 1123 praeterea
561 1056 638 1111 adara
658 1059 789 1127 legitimos
811 1058 918 1127 bymooa
936 1060 1001 1114 deae
1019 1062 1060 1114 bia
1078 1079 1172 1128 canere
1192 1079 1251 1118 cum
1270 1079 1317 1117 ce·

298 1157 355 1205 tera
371 1151 448 1204 turba
466 1149 536 1206 buria
553 1157 701 1222 eooruetia3
727 1172 786 1211 nam
804 1160 883 1212 etiam
901 1157 949 1213 boc
972 1177 1003 1215 ae
1020 1164 1123 1217 verinae
1141 1163 1233 1234 probat
1256 1178 1317 1216 ver·

298 1249 359 1302 bum
377 1250 511 1306 debeat.
547 1252 589 1307 Ad
603 1261 686 1309 totum
699 1254 748 1310 boc
763 1257 892 1325 pertinent
910 1276 984 1311 vocer
997 1260 1115 1315 votivae.
1150 1264 1196 1317 Sic
1208 1279 1260 1317 nna
1273 1281 1317 1317 re-

297 1352 384 1421 periar
401 1370 504 1409 aeorum
522 1356 555 1410 ab
572 1359 643 1411 omni
661 1365 735 1428 parte
751 1361 880 1429 aptiorem
896 1362 957 1428 toci,
975 1379 1129 1433 quamquam
1146 1341 1315 1423 concedimur

297 1453 323 1507 io
341 1455 429 1523 lingua
446 1456 735 1523 manutenendae
769 1461 942 1515 Statueodom
960 1469 1001 1516 ert
1016 1463 1085 1516 euim
1098 1464 1250 1534 persolvere
1267 1486 1317 1520 vn-

297 1555 462 1609 carnotinae
479 1556 577 1612 dictum
594 1575 652 1614 erae
669 1576 708 1629 pr.
727 1563 877 1631 pernotvere
894 1564 966 1631 qood
982 1571 1072 1619 votuuo
1089 1566 1197 1619 vocibus
1214 1568 1318 1621 votivia·

296 1654 343 1709 Sic
359 1670 422 1710 vero
439 1656 535 1711 Graeci
552 1652 630 1724 εὐχὰς
647 1655 793 1713 ἀποδοῦναι
809 1660 913 1732 dicunt,
938 1671 969 1719 ut
985 1672 1097 1719 coortu.
1140 1666 1217 1721 Nunc
1234 1665 1319 1722 adun-

295 1768 354 1808 mon
367 1756 519 1824 retiqu-
536 1761 622 1813 Arte
639 1761 735 1816 torar
752 1763 884 1820 redeat.
919 1766 1054 1822 Sedebant
1071 1766 1142 1822 tour
1157 1769 1318 1839 proscribor

295 1855 386 1925 tempti
401 1862 446 1910 aut
463 1864 525 1911 aute
542 1874 614 1913 araur
631 1868 660 1915 et
676 1869 789 1917 etatum
806 1866 975 1920 mulierculae
991 1870 1183 1938 auppiicantea,
1206 1876 1317 1939 peccata

295 1971 342 2009 aua
359 1956 480 2023 fateuteu,
497 1967 558 2013 vota
576 1961 717 2018 aotreotea
734 1964 819 2018 Ovrn.
837 1965 923 2036 Epist.
942 1981 976 2021 eu
994 1969 1080 2022 Ponto
1095 1969 1117 2034 1,
1138 1974 1162 2035 1,
1180 1972 1230 2022 ⁶12
1251 1967 1316 2022 Vidi

293 2072 343 2127 ego
359 2054 489 2129 linigerae
506 2075 604 2111 numen
621 2061 737 2116 violacre
751 2062 892 2136 fatentem
909 2066 1006 2125 Inidia,
1023 2065 1126 2120 Isiaco-r
1143 2075 1207 2117 unta
1224 2064 1314 2118 ardere

289 2154 379 2227 jocor.
407 2160 509 2212 Amorr.
526 2158 562 2220 lt,
582 2163 624 2227 rt,
644 2164 692 2215 tt:
719 2164 806 2231 Saepe
823 2161 874 2213 tibi
893 2162 963 2214 redit
982 2161 1062 2214 certis
1078 2171 1192 2231 operata
1210 2160 1311 2214 diebus.

294 2258 346 2311 Ubi
366 2259 439 2327 ptura
461 2259 495 2313 de
513 2275 586 2316 mora
603 2259 711 2316 aedeudt
730 2264 808 2316 mam
833 2264 941 2316 otiorum
959 2263 985 2315 iu
1003 2261 1110 2315 deorum
1128 2263 1231 2332 temptir
1249 2262 1310 2316 vide

293 2373 337 2427 ep.
355 2356 507 2414 Horreum.
542 2359 580 2414 Et
603 2376 671 2416 nunc
695 2341 799 2430 ouldem
819 2361 908 2427 Delia,
933 2362 955 2414 ai
976 2361 1063 2415 eatena
1080 2361 1200 2416 rediisset
1218 2362 1311 2417 Tibet-

294 2461 350 2527 loa,
368 2460 460 2515 redere
477 2426 660 2517 volebat·aote
677 2463 803 2531 tempium
821 2461 895 2515 lino
912 2466 1020 2519 tecta.
1037 2463 1111 2515 euius
1129 2478 1193 2516 uana
1210 2470 1268 2517 erat
1284 2464 1311 2516 io

293 2560 370 2614 Inidia
386 2563 483 2628 aaerirn
501 2563 608 2632 linigera
626 2564 676 2618 dea
689 2569 755 2630 erat,
774 2563 875 2631 linigeri
893 2562 1042 2618 sacerdotea
1058 2568 1086 2617 et
1103 2578 1194 2618 ornnes
1211 2563 1251 2618 hir
1269 2582 1312 2619 re-

294 2662 434 2730 ligionibus
450 2663 563 2732 addicti,
590 2665 625 2719 ei.
642 2666 867 2719 Buoocrrrunruu
885 2665 918 2718 ad
936 2664 961 2720 h.
980 2666 998 2720 1.
1020 2670 1048 2718 et
1066 2660 1166 2718 Horrea.
1183 2665 1216 2719 ed
1235 2665 1311 2720 ovid.

293 2764 349 2817 Art
367 2766 424 2816 Am.
442 2764 465 2831 1,
482 2770 526 2819 ti.
564 2766 603 2818 Ac
619 2780 678 2819 com
696 2765 819 2818 aedentea
836 2770 915 2835 caput
934 2765 1048 2818 velatum
1065 2761 1205 2830 heberent,
1222 2770 1253 2819 ot
1271 2771 1313 2817 eat

293 2879 336 2933 ep·
354 2863 497 2921 Pnonrv.
516 2864 551 2928 ll,
569 2867 614 2929 28,
631 2866 683 2917 452
711 2871 777 2913 onte
794 2871 909 2933 tuorque
925 2861 1006 2932 pedes
1028 2861 1080 2914 itta
1094 2860 1158 2932 ipsa
1181 2862 1313 2932 adoperta

292 2960 408 3021 redebit,
433 2962 512 3016 edam
530 2961 605 3014 Delia
623 2962 660 3014 ita
678 2960 779 3014 tacwra
796 2966 866 3028 erat,
893 2963 963 3030 quod
981 2964 1100 3016 corruite
1118 2962 1187 3017 addo
1205 2968 1312 3032 propter

291 3062 425 3129 renuentia
441 3062 535 3115 verba:
555 3059 676 3114 resoluta
693 3078 791 3114 concon.
803 3090 838 3102 -
857 3064 890 3117 V.
908 3067 952 3118 31.
970 3068 1014 3116 ³2.
1034 3064 1164 3131 Bisque
1184 3064 1237 3116 die
1254 3080 1311 3130 aqq.

291 3163 368 3217 Haec
384 3165 485 3218 diversa
503 3146 577 3228 suut,
604 3169 633 3216 ut
651 3162 702 3216 iam
718 3163 877 3231 aigoidcavi,
904 3171 931 3218 et
949 3165 1027 3219 atium
1046 3163 1169 3219 honorem
1189 3164 1312 3229 indicunt,

292 3272 320 3318 et
345 3265 467 3318 falluntur
491 3263 534 3331 qui
560 3279 611 3317 ooo
635 3264 806 3332 distinguunt.
858 3265 1024 3319 Caoebautor
1048 3267 1117 3319 eninr
1142 3265 1248 3337 omniuo
1271 3264 1312 3317 hir

291 3363 335 3416 die
361 3362 447 3430 hvmrd
474 3366 500 3418 iu
524 3363 635 3430 laidem,
671 3378 747 3418 mane
776 3365 858 3435 prima
884 3364 947 3418 born
978 3380 1036 3418 com
1063 3364 1215 3418 sacerdotes
1244 3370 1310 3415 teor-

292 3465 362 3532 plum
385 3468 562 3534 aperuiaaerrt,
588 3475 616 3522 et
640 3482 749 3536 verpere
777 3465 840 3519 hora
865 3473 957 3520 octova
980 3482 1039 3521 cum
1064 3466 1222 3519 clauderent.
1266 3462 1309 3514 Eu

266 3561 370 3627 eadyro
395 3578 511 3618 summor
532 3566 655 3620 aacerdoa
672 3582 732 3620 com
749 3566 874 3620 miniatria
892 3567 1028 3636 prodibat,
1057 3565 1082 3618 io
1106 3562 1180 3616 nturi
1206 3561 1309 3615 auifitna

290 3662 370 3721 flebat
388 3669 461 3730 ture,
481 3667 677 3734 praecinebatur
695 3666 774 3734 tibia,
801 3674 892 3722 coetoa
910 3666 1070 3721 adorantium
1087 3667 1189 3718 Interea
1207 3663 1309 3716 doobru

292 3763 424 3818 ordinibus
443 3764 468 3816 iu
486 3764 555 3816 atrio
577 3780 659 3832 arque
680 3766 714 3820 ad
740 3768 837 3834 gradun
861 3768 950 3838 tempii
975 3763 1142 3820 conabtebat.
1178 3761 1310 3816 Sacerdos

289 3864 324 3917 ad
347 3880 421 3918 aacra
446 3869 537 3929 cocat,
568 3867 709 3918 recitantur
733 3882 842 3934 precer,
869 3872 923 3919 turn
949 3866 983 3918 ad
1008 3872 1096 3919 certor
1119 3861 1210 3916 modoa
1234 3861 1311 3914 rietra

290 3964 391 4028 omnia,
419 3979 487 4031 quoe
511 3963 650 4016 ador-autea
675 3964 794 4018 manibua
819 3972 923 4029 tenent,
948 3971 1111 4032 quaeruntur.
1147 3961 1219 4013 Idem
1246 3961 1311 4014 ritoa

289 4075 363 4112 unane
387 4067 415 4113 et
438 4076 547 4130 verpere
571 4061 673 4114 videtur
697 4061 793 4134 iringa,
821 4063 869 4116 uiui
893 4064 963 4131 qood
994 4061 1081 4129 hymni
1107 4060 1202 4115 diversi
1228 4066 1310 4112 eraut.

289 4156 356 4210 Vide
383 4165 486 4225 praeter
513 4161 681 4227 interpreter,
719 4160 868 4214 onmiuatinr
895 4163 1079 4215 Scucrcuauru
1107 4167 1134 4213 et
1164 4159 1310 4221 Hormou,
