3009 4725
333 408 375 465 28
568 402 849 473 COMMENTAR.
870 405 917 473 IN
937 407 1111 475 TlBULLI

332 575 662 645 temL1V.XXXV,lls
689 579 812 633 Admissi
830 579 1134 652 pluret(legatl)durn
1153 585 1350 658 uuusquisque

331 699 402 732 nunc
427 678 565 752 querelas,
591 697 663 733 nunc
688 681 919 751 expostulationes
944 683 1055 743 inserit.
1081 694 1110 736 et
1136 701 1225 756 aequa
1249 685 1352 758 iniquia

331 777 455 835 nuscent,
472 796 489 830 e
506 779 697 850 disceptatione
715 781 918 837 altercationem
929 783 1067 855 fecerunt.
1104 784 1223 838 Habelur
1239 785 1275 838 ibi
1294 786 1351 838 dn-

330 878 457 944 sepulto,
480 875 527 930 ubl
549 892 611 931 suas
635 881 744 948 quisque
763 882 910 949 legatorum
927 884 1149 950 expostulationes
1166 893 1212 936 ant
1228 883 1349 950 querelae

329 975 415 1030 tatere
450 976 548 1031 Tama.
565 978 666 1032 Histoe.
688 979 711 1044 1,
732 983 788 1033 2³2
822 978 922 1030 Studia
950 978 1066 1032 militurn
1092 980 1148 1032 iam
1170 979 1274 1049 pridem
1302 997 1348 1048 spe

329 1074 502 1127 successionis
518 1083 570 1127 aut
581 1084 687 1146 paratu
696 1076 834 1148 facinoris
844 1075 1044 1149 adfictauemn
1057 1079 1349 1133 --uetustieeimum

329 1189 458 1245 quemque
474 1173 589 1225 nuditum
606 1176 708 1227 nomine
727 1193 840 1233 vocans,
863 1192 897 1228 ae
920 1178 1045 1229 mensoria
1063 1177 1211 1231 Neroniani
1235 1179 1346 1230 comita-

328 1283 376 1328 tus
393 1273 594 1327 contubernales
611 1274 791 1344 appellandos
810 1275 881 1329 alios
897 1292 1049 1349 agnoscere,
1067 1276 1198 1348 quosdam
1215 1277 1348 1349 requirere

327 1385 356 1427 et
370 1375 488 1446 pecunia
505 1385 555 1427 aut
572 1376 668 1447 gratia
684 1375 795 1429 iuuare·
817 1376 954 1429 inserendo
972 1377 1081 1447 saepius
1099 1377 1223 1448 querelas
1240 1387 1269 1429 et
1287 1393 1346 1427 nm·

328 1474 422 1546 liguas
441 1473 472 1524 de
487 1472 575 1526 Galba
590 1490 728 1530 sermones,
746 1474 772 1529 h.
787 1490 810 1527 e.
830 1476 1005 1543 immiscendo,
1023 1477 1154 1544 loquendo
1171 1480 1240 1531 inter
1257 1483 1346 1531 cetera

326 1575 391 1640 teu,
418 1588 486 1641 quae
503 1580 684 1628 memorantur.
721 1577 777 1629 lam
800 1576 876 1629 rixas
899 1577 1013 1629 asserere
1036 1578 1135 1631 dietum
1153 1584 1194 1631 est
1219 1578 1348 1642 absolate,

327 1673 406 1727 eredo
424 1675 485 1742 qnia
502 1675 575 1741 rixa,
592 1675 739 1743 ubicunque
758 1679 856 1744 untur,
880 1677 988 1731 infertur
1005 1679 1064 1731 aliia
1082 1679 1177 1745 rebus,
1194 1679 1239 1731 alii
1257 1678 1348 1733 eondi-

326 1776 390 1830 tloni
409 1789 502 1828 rernm
539 1774 765 1832 Quemadmodum
789 1778 870 1843 igitur
894 1778 938 1844 qui
964 1777 1032 1830 inter
1049 1777 1194 1831 convivium
1213 1779 1284 1831 rixas
1301 1792 1347 1829 oe-

325 1876 399 1944 elpit,
417 1875 507 1929 inserit
518 1874 597 1940 rixae,
614 1874 652 1927 sic
670 1875 715 1942 qui
734 1876 804 1929 vitae
822 1876 963 1928 amatoriae
981 1875 1051 1928 rixas
1068 1876 1154 1929 infert
1190 1874 1346 1928 Germanice

325 1975 411 2029 dicam
435 1974 521 2027 Streit
545 1973 712 2027 dazuisdm
737 1974 856 2047 bringeri.
893 1977 971 2034 Quod
992 1977 1141 2030 aeneidem
1160 1973 1285 2040 estquod
1304 1975 1345 2025 in-

325 2072 435 2139 choare,
461 2074 581 2142 occipere
599 2073 711 2128 omniuo.
748 2076 827 2129 Aliud
845 2075 956 2142 deniqne
979 2081 1021 2128 est
1042 2073 1187 2131 innectere,
1215 2079 1244 2125 ut
1256 2071 1344 2141 fraus

325 2177 424 2228 innexa
442 2173 534 2227 clienti
556 2176 639 2229 Vm.
660 2179 722 2229 Aen.
744 2177 790 2243 vl,
808 2181 870 2230 609.
899 2193 986 2227 moras
1004 2174 1135 2225 innectere
1153 2174 1240 2226 Snan.
1258 2171 1343 2226 Theb.

327 2278 360 2340 V,
378 2278 440 2327 748.
466 2291 564 2328 causas
582 2276 685 2328 innecte
704 2276 826 2345 morundi
850 2276 932 2329 Vme.
953 2278 1016 2327 Aen.
1035 2274 1082 2338 lv,
1100 2277 1144 2325 tl.
1171 2273 1241 2339 quud
1260 2280 1343 2327 erlem

325 2376 468 2443 signifieat,
495 2380 575 2433 veluti
600 2395 647 2433 nos
671 2378 778 2432 dicium
803 2375 955 2432 anzetteln,
981 2372 1130 2445 einsideln.
1173 2374 1260 2441 Atqee
1278 2372 1342 2427 lraee

325 2474 457 2531 hactenus.
469 2501 501 2518 -
519 2479 574 2531 Sed
593 2479 701 2532 observa
715 2477 826 2546 deniqne
843 2479 924 2531 totius
938 2478 990 2531 loci
1005 2491 1111 2529 suavem
1128 2476 1264 2529 rationem.
1300 2474 1343 2528 Ex

325 2573 453 2629 flebilibus
477 2577 562 2631 modis
586 2583 663 2647 poete
685 2576 719 2630 ad
745 2577 853 2633 laetiora
880 2591 1000 2630 reversus
1024 2590 1108 2643 nsque
1136 2574 1169 2627 ad
1197 2575 1344 2642 petulantes

324 2691 409 2729 mores
434 2677 502 2730 vitae
528 2649 669 2732 amatoriae
697 2676 878 2746 progreditur,
906 2682 936 2729 nt
964 2682 1078 2745 opponat
1105 2674 1211 2727 militiae
1236 2673 1344 2725 bellicae

324 2776 488 2842 amatorium,
514 2777 728 2843 quemadmodum
753 2776 888 2844 sequentia
911 2777 1064 2835 ostendunt.
1091 2781 1118 2827 et
1137 2776 1175 2827 sic
1192 2773 1226 2826 ed
1244 2775 1342 2826 exitum

324 2875 392 2928 viam
413 2876 518 2928 muniat.
555 2876 679 2928 Ceterum
703 2876 737 2929 de
761 2877 853 2933 militia
877 2866 1015 2929 amatoria
1029 2878 1157 2942 integram
1182 2889 1285 2926 carmen
1304 2879 1345 2926 est

326 2979 408 3031 Ovio.
428 2981 528 3030 Amore.
548 2977 569 3041 1,
588 2981 629 3042 9.,
655 2979 726 3030 rixas
749 2992 814 3031 vero
836 2978 915 3029 etiam
940 2978 1098 3030 necessariae
1124 2990 1182 3027 esse
1206 2976 1231 3026 in
1255 2988 1344 3026 amore

327 3079 438 3146 probare
455 3079 560 3132 student
578 3080 757 3132 Paornnrms
775 3077 823 3143 111,
840 3081 866 3132 8.
885 3081 912 3130 et
931 3077 1073 3129 Lnorarene
1092 3076 1118 3126 in
1137 3076 1239 3142 Dialog‚
1257 3089 1343 3127 mere·

325 3176 382 3230 trie.
403 3192 440 3231 nr.
460 3182 487 3229 Β.
506 3203 540 3214 -

394 3277 427 3330 V.
446 3276 552 3330 tn-lin.
595 3273 728 3329 Exitus.
765 3274 871 3328 Redit
893 3276 1051 3327 ultimum
1077 3274 1245 3340 primaria
1270 3288 1341 3325 een-

323 3378 437 3430 teutia
461 3375 623 3431 carminis
647 3381 682 3427 el
705 3375 839 3427 claudit
862 3378 979 3426 toturn.

395 3482 427 3533 V.
447 3486 490 3534 75.
527 3478 590 3532 Hic
610 3493 673 3545 ego
691 3475 945 3544 dnnmilesque
964 3475 1080 3525 bonne.
1116 3473 1288 3524 (insulanus
1307 3468 1341 3519 ad

323 3583 443 3649 Psopera
456 3580 491 3645 11,
502 3582 549 3646 22,
563 3583 607 3633 ³4.
624 3578 725 3633 confert
739 3577 921 3631 Homericum:
940 3569 1083 3643 ἀμφότερον
1096 3565 1218 3637 βασιλεῦς
1234 3566 1259 3619 τ’
1276 3564 1343 3635 dya-

322 3676 374 3736 θός
388 3674 512 3747 κρατερὸς
526 3675 551 3728 τ’
565 3673 702 3749 αἰχμητής.
738 3677 793 3731 lam
804 3678 897 3731 transit
912 3676 946 3729 ad
959 3677 1045 3728 tinem.
1054 3701 1087 3713 -
1097 3673 1191 3727 ‚vau
1203 3671 1343 3739 cupidis

325 3780 350 3832 ir.
369 3795 393 3832 e.
420 3777 574 3831 divitiarum.
617 3780 702 3832 Porro
727 3783 789 3847 poet
813 3779 837 3844 ἰ,
865 3777 915 3829 ite
938 3774 1041 3843 saepius
1067 3771 1209 3838 asyndeton
1235 3776 1344 3838 ponrsnt,

322 3880 460 3947 aliquoties
478 3876 613 3946 copulam,
640 3884 671 3931 ut
694 3878 792 3931 Graeci
817 3882 878 3946 post
902 3876 961 3942 itta,
987 3874 1019 3928 ol.
1039 3873 1139 3927 Heras.
1158 3869 1191 3922 ad
1210 3868 1342 3921 claudian.

324 3979 358 4032 de
382 3979 463 4048 Rapt.
488 3979 611 4047 Proserp.
635 3977 657 4041 1,
675 3979 720 4029 92.
747 3977 997 4030 Wnrenreanrensmr
1015 3974 1048 4027 ad
1067 3973 1091 4026 h.
1110 3973 1126 4025 l.
1147 3976 1174 4022 et
1191 3969 1343 4022 Laoma-

325 4093 384 4131 aaa
410 4079 445 4131 ad
470 4080 591 4145 Propest.
617 4093 642 4143 p.
664 4078 725 4125 ltu.
770 4076 809 4127 Ao
833 4077 927 4144 copula
952 4074 1044 4128 melior
1068 4069 1170 4123 videtur
1192 4068 1236 4120 nbi
1262 4069 1342 4136 prima

323 4178 451 4229 sententia
470 4180 578 4243 propter
594 4150 733 4227 seeundam
752 4170 870 4237 ponitur,
896 4173 941 4225 ubi
965 4187 1026 4225 vero
1051 4185 1082 4221 os
1107 4184 1155 4237 per
1171 4184 1201 4222 ae
1219 4174 1285 4230 stat,
1314 4174 1342 4218 nt
