3009 4725
482 404 668 478 TIBULLI
698 403 784 476 ΠΒ.
805 403 862 478 IV.
881 422 908 482 t.
1159 412 1211 486 89
1328 411 1337 427 ’

229 596 336 672 Crede
349 593 448 684 milri,
474 620 641 696 propera:
666 609 778 666 necte
798 593 878 683 iam,
902 594 1054 686 Phoebe,
1078 597 1211 698 pigebit

279 729 467 799 Formosae
492 723 644 797 medieas
671 720 877 823 applicuisse
903 754 1036 800 manus.

209 855 342 929 ettffice
367 883 412 927 ne
437 853 564 927 macies
592 849 756 951 pallentes
782 872 925 954 oeeupet
948 875 1059 946 artus,

282 987 359 1056 Neu
383 999 479 1054 notet
501 980 661 1053 informis
687 977 816 1079 pallida
841 984 995 1058 membra
1022 985 1132 1076 color,

236 1114 281 1185 Et
295 1110 524 1211 quodcunque
544 1107 625 1182 mali
639 1126 688 1181 est
705 1124 738 1181 et
759 1111 923 1212 quiequid
939 1114 1034 1188 triste
1047 1116 1215 1210 timemus,

288 1243 328 1314 lu
355 1239 497 1342 pelagus
518 1237 650 1339 rapidis
673 1238 790 1312 evehat
815 1243 924 1316 amnis
951 1244 1057 1345 aquis.

235 1372 376 1459 Sancte,
402 1369 491 1458 veni,
512 1386 692 1468 tecumque
718 1367 819 1458 feras,
843 1371 1038 1474 quicunque
1065 1402 1216 1476 sapores,

196 1516 232 1570 10
289 1500 498 1601 Quicunque
522 1515 555 1574 et
581 1515 701 1571 cantus
728 1526 873 1599 corpora
899 1502 988 1576 sessa
1012 1493 1140 1579 levarit:

237 1614 310 1701 Neu
331 1630 488 1702 iuvenem
514 1645 653 1728 torque,
686 1628 806 1700 metuit
831 1630 890 1730 qui
915 1631 984 1705 fata
1008 1633 1141 1733 puellae

288 1759 441 1857 Votaque
466 1785 532 1858 pro
559 1756 700 1829 (lomina
725 1757 780 1832 vix
805 1761 1019 1835 numeranda
1048 1763 1136 1838 sacit.

239 1885 415 1958 Interdum
438 1904 551 1976 vovet,
582 1885 775 1976 interdum,
805 1889 900 1987 quod
922 1890 1083 1988 langueat
1108 1892 1184 1984 illa,

290 2015 385 2088 Dicit
408 2015 445 2087 in
473 2033 625 2089 aeternos
652 2042 774 2117 aspera
800 2016 903 2092 verba
930 2019 1021 2092 tleos.

198 2146 336 2220 15Pone
363 2162 501 2234 metum,
528 2144 707 2219 Cerinthe:
733 2146 818 2219 deus
835 2175 906 2220 uon
933 2146 1037 2222 laedit
1059 2167 1218 2224 aptantes.

293 2276 347 2348 Tu
373 2275 479 2349 modo
506 2303 642 2377 semper
665 2304 758 2349 ama:
794 2273 886 2351 salva
910 2279 1024 2380 puella
1051 2279 1113 2354 tibi
1136 2298 1194 2354 est.

240 2404 296 2478 Nil
323 2434 410 2507 opus
437 2424 488 2481 est
511 2405 609 2479 lletu:
642 2404 791 2482 lacrimis
819 2407 883 2482 erit
908 2411 1019 2512 aptius
1044 2411 1113 2501 uti,

296 2534 492 2635 Siquando
516 2537 620 2611 suerit
644 2539 775 2613 tristior
795 2538 852 2613 illa
877 2539 948 2612 tibi.

237 2662 284 2737 At
309 2692 402 2737 nune
426 2682 495 2738 tota
522 2683 577 2739 tua
605 2684 672 2756 est,
705 2685 737 2739 te
762 2667 872 2741 solum
900 2669 1048 2743 eandida
1074 2700 1188 2748 seeum

201 2811 239 2865 20
299 2795 448 2894 Cogitat,
483 2815 515 2870 et
537 2798 664 2872 frustra
690 2795 827 2871 credula
854 2797 953 2870 turba
981 2797 1083 2871 sedet.

243 2924 400 3016 Phoebe,
433 2928 528 3000 fave:
566 2927 640 3000 laus
667 2956 793 3025 magna
819 2927 880 3000 tibi
906 2927 1075 3000 tribuetur
1093 2927 1130 2999 in
1153 2956 1223 3000 uno

302 3057 453 3157 Corpore
480 3076 611 3131 serrato
636 3059 821 3132 restituisse
848 3057 945 3135 (lues

246 3188 317 3258 Iam
347 3187 494 3277 celeber,
521 3189 587 3261 iam
616 3188 722 3261 laetus
747 3189 832 3277 eris,
859 3216 936 3261 eum
964 3186 1078 3260 debita
1105 3188 1224 3261 retlelet

301 3316 458 3391 Certatim
486 3319 611 3391 sanetis
637 3316 745 3389 laetus
773 3336 915 3416 uterque
942 3315 1038 3388 loeis.

277 3540 309 3591 V.
322 3544 347 3593 6.
373 3542 506 3610 pallida
530 3546 570 3596 vel
591 3542 689 3611 polida
709 3544 767 3596 libri
793 3550 922 3612 corrupte.
959 3541 1074 3594 candide
1095 3541 1227 3594 Hermus

204 3648 238 3687 ex
264 3636 382 3691 Romano
408 3655 465 3692 auu.
485 3645 563 3694 1475,
584 3670 618 3681 -
663 3640 738 3694 Μ.
768 3643 854 3709 Vulgo
880 3640 995 3693 devehat
1021 3642 1054 3694 de
1080 3642 1229 3694 contectura

205 3733 329 3789 Hermu.
344 3762 381 3775 -
416 3738 450 3791 V.
462 3743 489 3791 9.
514 3756 620 3808 sopores
644 3739 723 3805 vulgo
747 3754 782 3792 ex
806 3741 877 3792 tibete
903 3742 991 3808 paucis
1015 3758 1062 3793 nee
1081 3740 1169 3802 bonis,
1194 3739 1231 3789 alt

205 3833 405 3889 Licuuieauue.

277 3940 307 3996 V.
325 3948 456 4000 17-22.
484 3945 539 3999 Nil
561 3977 594 3987 -
614 3950 656 3999 At
677 3975 710 3987 -
733 3946 878 4001 Phoebe.
926 3947 1029 3999 Primus
1053 3945 1147 3995 Arous
1172 3956 1230 3993 anu.

205 4042 286 4092 1515.
305 4039 385 4095 habet
396 4041 465 4096 hune
479 4044 594 4098 ordinem
610 4056 729 4098 versuum
746 4054 853 4098 rectum.
891 4043 964 4096 Libri
978 4042 1019 4094 At
1033 4069 1065 4078 -
1080 4035 1184 4089 Phoebe
1197 4064 1230 4076 -

205 4136 268 4202 Nil,
296 4146 323 4191 et
339 4156 362 4194 e.
379 4142 459 4193 Auno
479 4146 557 4195 1502.
576 4145 726 4195 Seserem.
764 4144 855 4194 At-
872 4142 967 4191 Nit-
982 4136 1085 4189 Phoebe
1104 4138 1232 4189 Pueorus.
