3009 4725
436 381 621 456 TlBULLl
656 381 741 454 LIB.
763 382 805 454 Π.
824 395 850 453 5.
870 396 896 455 6.
1131 390 1179 461 57

216 575 263 649 At
286 590 324 646 tu
347 571 445 669 (nam
470 568 586 643 divum
608 586 719 643 servat
742 567 848 642 tutela
869 575 1025 671 poetas),

269 705 501 790 Praemoneo,
535 697 601 773 vati
625 725 747 800 parce,
776 697 907 799 puella,
942 728 1058 790 sacro,

160 836 269 906 115Ut
289 829 514 905 Messalinum
536 827 722 916 celebrem,
756 856 833 901 cum
857 830 1009 929 praemia
1033 828 1115 903 belli

270 961 360 1034 Ante
384 986 464 1032 suos
491 984 613 1030 currus
642 956 772 1058 oppida
797 957 884 1031 victa
909 958 1015 1050 feret,

225 1093 303 1190 Ipse
328 1115 449 1186 gerens
473 1086 609 1160 lauros:
633 1085 731 1159 lauro
758 1086 933 1161 devinctus
961 1090 1085 1186 agresti

276 1218 376 1292 Miles
399 1218 469 1291 ‘io’
493 1244 619 1315 magna
644 1244 724 1289 voce
750 1217 960 1318 ‘triumphe’
987 1238 1092 1293 canet

228 1350 317 1422 Tum
343 1344 492 1420 Messala
516 1373 613 1418 meus
640 1345 697 1446 pia
723 1343 781 1418 det
806 1346 997 1446 spectacula
1022 1348 1142 1423 turbae

168 1492 221 1548 120
276 1477 321 1551 Et
344 1474 490 1578 plaudat
515 1502 620 1549 curru
645 1491 880 1575 praetereunte
906 1494 1010 1577 pater.

225 1603 368 1678 Aunue:
401 1605 451 1679 sic
480 1604 541 1677 tibi
568 1604 638 1677 siut
662 1603 808 1693 intonsi,
838 1603 996 1697 Phoebe,
1031 1607 1161 1709 capilli,

279 1734 337 1809 stc
359 1752 417 1808 tua
443 1750 610 1836 perpetuo
637 1732 682 1807 sit
706 1733 769 1807 tibi
799 1751 889 1808 easta
909 1762 1016 1808 soror.

497 2158 757 2222 ELEGIA
809 2159 867 2222 vt.

208 2315 346 2452 Castra
371 2376 491 2451 Macer
516 2378 688 2478 sequitur:
713 2398 831 2453 tenero
855 2379 939 2481 quid
965 2378 1022 2454 fiet
1048 2378 1192 2454 Amori?

268 2505 320 2576 Sit
343 2534 455 2580 comes
481 2524 514 2580 et
540 2506 627 2581 collo
652 2508 785 2582 sortiter
810 2537 903 2581 arma
927 2511 1046 2606 gerat?

216 2632 261 2705 Et
286 2660 347 2706 seu
371 2632 472 2734 lunga
496 2637 605 2711 virum
630 2656 740 2711 terrac
766 2639 819 2709 via
843 2666 903 2709 seu
928 2667 1015 2734 vaga
1042 2638 1167 2712 ducent

262 2762 442 2865 Aequora,
476 2796 553 2841 cuni
581 2767 654 2841 telis
683 2767 727 2840 etl
752 2766 840 2839 latus
865 2766 913 2837 ire
940 2764 1050 2838 volet?

191 2896 305 2984 5Ure,
339 2923 441 2996 puer,
468 2924 613 2998 quaeso,
646 2915 704 2971 tua
730 2896 789 2998 qui
816 2896 908 2970 ferus
935 2894 1002 2968 otia
1028 2892 1144 2992 liquit,

266 3024 379 3125 Atque
398 3026 519 3101 iterum
540 3056 696 3102 erronem
720 3027 785 3101 sub
812 3045 870 3100 tua
891 3027 990 3125 sigua
1015 3053 1107 3098 voca.
1229 3074 1233 3083 ·

217 3157 322 3254 Quod
348 3160 377 3232 si
397 3160 563 3234 militibus
590 3190 730 3262 parces,
763 3161 825 3233 erit
850 3159 905 3233 hic
929 3185 1065 3259 quoque
1088 3155 1197 3251 mileS,

269 3292 347 3387 Ipse
373 3288 478 3364 levem
502 3289 599 3389 galea
626 3291 685 3391 qui
710 3290 776 3363 sibi
802 3306 913 3391 portet
934 3315 1067 3387 aquam.

220 3417 338 3491 Castra
362 3439 458 3519 peto,
485 3420 660 3522 valeatque
685 3424 800 3493 Venus
822 3417 1021 3519 valeantque
1048 3415 1197 3518 puellae:

177 3562 215 3619 10
271 3548 316 3620 Et
338 3549 422 3622 mihi
447 3568 527 3623 sunt
548 3549 656 3638 vireS,
687 3566 718 3623 et
744 3547 828 3622 mihi
853 3548 941 3621 sacta
964 3548 1046 3621 tuba
1069 3565 1127 3620 est.

214 3675 341 3774 Magna
366 3677 508 3779 loquor,
534 3678 595 3752 sed
620 3677 800 3776 magnifiee
826 3678 911 3751 mihi
935 3707 1059 3777 magna
1085 3676 1198 3750 locuto
1218 3700 1236 3715 ·

268 3805 456 3882 Excutiunt
480 3808 613 3882 clausae
641 3808 742 3880 sortia
765 3808 868 3880 verba
895 3807 995 3879 sores.

218 3936 330 4011 Iuravi
358 3938 517 4039 quotiens
545 3938 733 4011 rediturum
763 3936 807 4009 atl
834 3935 953 4009 limina
978 3934 1175 4030 nunquam!

269 4067 353 4139 Cum
382 4067 471 4141 bene
497 4067 623 4154 iuravi,
658 4093 718 4165 pes
745 4082 857 4137 tamen
885 4067 958 4163 ipse
985 4061 1081 4135 redit.
