3009 4725
297 394 337 451 48
537 385 817 454 ΟΟΜΜΕΝΤΑΒ.
838 385 884 452 ΙΝ
906 385 1078 452 TIBULLI

298 581 415 623 arctina
429 579 575 619 moneo.··
594 565 679 618 Sota
697 571 821 618 tenere
838 561 980 617 Medeae
997 537 1129 617 herbas.
1167 567 1207 622 De
1221 570 1318 626 Medea

297 658 493 734 πολυφαρμάκῳ
518 663 628 729 aiiieqno
651 663 677 714 in
695 662 808 715 Graecia
829 662 935 729 antiqua
960 661 1061 715 seminia
1083 663 1209 717 aimiiibua
1233 684 1318 736 nuper

297 769 395 836 optime
419 763 559 832 disputavit
583 762 759 814 Wanotmnmc
783 761 809 813 in
829 759 919 813 Diario
938 759 1093 814 aciroiastico
1108 762 1314 820 Darmatadienci

296 862 478 935 (Aligemeine
496 859 706 930 Schuizeitung)
725 875 784 912 ann.
806 862 883 911 teat.
901 859 932 913 Ρ.
946 857 981 912 li.
1000 873 1040 910 ttt·
1055 861 1117 915 127.
1138 879 1164 929 p.
1177 867 1313 932 totosqq.

295 966 458 1020 Ferebantnr
475 969 561 1016 antem
579 963 696 1025 Pomm,
714 958 834 1023 Goloida,
851 957 936 1010 Iberia
955 954 1094 1011 herbarum
1111 967 1139 1012 et
1156 976 1313 1015 venenorum

296 1064 470 1118 iecacieaimae
488 1062 656 1126 mirabilium,
681 1075 748 1128 qnae
766 1055 891 1130 φάρμακα
909 1059 1005 1111 Graeci
1024 1058 1127 1124 dicunt,
1151 1061 1185 1115 ci.
1203 1061 1314 1116 Horam.

296 1167 382 1236 Epod.
395 1167 427 1232 V,
439 1168 483 1230 tt,
497 1168 541 1218 οἳ.
559 1161 643 1218 Vnae.
660 1161 753 1228 Eciog.
767 1158 839 1224 vili,
853 1161 896 1211 95.
909 1157 996 1224 ibique
1012 1160 1089 1213 Vota.
1104 1161 1187 1214 Orto.
1200 1162 1314 1216 Remcd.

296 1273 384 1322 Amor.
399 1270 471 1332 261„
490 1271 517 1317 et
534 1264 663 1315 iactabant
680 1263 735 1316 iere
752 1261 822 1327 magi
839 1258 898 1311 inde
912 1274 942 1311 ae
959 1256 1057 1312 babere
1080 1260 1209 1314 officinam
1230 1275 1312 1313 anam.

296 1368 421 1421 Simiiiter
439 1363 502 1418 baec
519 1378 583 1430 naga
601 1361 712 1429 genuina
731 1358 844 1411 Medeae
861 1373 961 1410 venena
978 1372 994 1411 e
1011 1355 1137 1428 ootcttte
1154 1356 1314 1426 possidebat.

296 1469 363 1523 Nam
383 1475 469 1516 tenere
488 1478 538 1516 non
557 1460 731 1523 minorisae,
749 1465 779 1511 nt
796 1457 948 1524 quibtmdatn
965 1458 1062 1522 ritum,
1080 1458 1126 1510 sed
1145 1456 1251 1526 proprie
1264 1472 1315 1509 ne·

296 1568 409 1622 cessario
427 1561 615 1632 accipiendum.
657 1562 781 1614 Ceterum
798 1560 882 1613 atiena
900 1565 957 1624 eat,
983 1565 1013 1610 nt
1030 1573 1098 1609 nunc
1117 1557 1205 1622 videa,
1231 1558 1316 1609 attera

297 1666 374 1719 tectio
392 1671 467 1714 ortes
484 1677 524 1730 pr.
542 1657 645 1713 herbera.
681 1657 749 1712 Nam
774 1663 845 1710 artca
869 1656 984 1709 Medeae
1008 1653 1070 1708 nihii
1088 1661 1149 1707 aunt
1164 1656 1214 1707 niti
1230 1657 1316 1723 magi·

281 1782 343 1830 ⁸cae
361 1766 474 1829 omnino,
492 1762 584 1829 quales
600 1762 651 1813 iam
668 1759 780 1811 vidimus
798 1759 909 1823 multaa3
926 1772 1009 1825 qnare
1027 1772 1060 1810 ex
1079 1755 1127 1811 itae
1144 1758 1245 1822 ratione
1261 1765 1316 1811 ata·

297 1866 421 1920 tuendum
438 1868 510 1916 emet
532 1868 638 1931 poetam
656 1859 835 1912 antecedentia
853 1875 911 1911 cnm
929 1858 955 1909 η’
973 1864 1094 1926 repetere
1111 1857 1164 1910 tic:
1182 1855 1245 1921 Eat,
1263 1859 1314 1922 aio,

296 1967 451 2038 peritissima
469 1962 561 2016 itonam
580 1962 710 2024 omnium,
736 1967 778 2011 est
795 1961 880 2011 altera
897 1957 1001 2010 Medea.
1043 1956 1097 2008 Sed
1116 1957 1223 2023 primum
1242 1953 1314 2006 videa

297 2068 455 2138 anperflnom
473 2064 527 2117 taio
544 2058 717 2129 epiphonema
735 2073 807 2123 ease,
825 2055 919 2109 deinde
937 2060 1101 2123 pentameter
1117 2067 1168 2103 non
1185 2050 1312 2112 convenit,

296 2168 340 2235 qni
360 2181 411 2220 non
428 2163 544 2216 continet
561 2159 670 2211 similem
687 2158 765 2208 taiem
779 2155 864 2208 omnia
878 2155 1091 2219 complectentem
1105 2148 1265 2202 sententiam.
1277 2173 1312 2189 -

296 2265 452 2320 Hecatae
476 2273 589 2313 canes·
633 2257 770 2310 Vocabont
792 2268 872 2318 sagae
897 2252 975 2303 otiam
1003 2248 1066 2300 deoa
1092 2246 1188 2298 inseror
1213 2252 1244 2296 nt
1268 2260 1312 2298 re-

297 2377 394 2432 aponsa
409 2361 509 2426 darent,
524 2357 701 2428 imprimisque
716 2353 844 2417 Hecaten,
861 2348 1003 2420 principem
1021 2348 1047 2399 in
1064 2346 1165 2412 magica
1181 2358 1210 2398 ro
1228 2344 1312 2409 dcam,

298 2480 365 2535 qnae
389 2459 572 2517 comitantiboa
596 2457 703 2510 eanibtta
726 2450 834 2527 infernin
858 2446 986 2517 ptodtitnt.
1022 2445 1083 2501 t'td.
1103 2445 1210 2497 Horten.
1232 2444 1313 2496 Satir.

296 2571 318 2635 l,
336 2572 363 2633 8,
381 2569 425 2619 tta.
445 2563 506 2628 ibtq.
524 2561 645 2612 ittarta.
664 2563 691 2609 et
707 2554 870 2607 Hammone.
906 2547 982 2603 Adde
1000 2542 1314 2610 depreprehendi,

299 2669 378 2720 1217.
395 2664 440 2717 ubi
455 2656 561 2727 χθόνιοι
578 2653 658 2719 κύνες,
676 2653 710 2708 ci.
728 2653 857 2705 Bautica.
894 2651 981 2716 Atque
999 2646 1089 2701 barum
1107 2660 1200 2700 canum
1216 2646 1315 2698 rabiem
1345 2626 1346 2629 Ἴ

297 2766 435 2835 placabant
452 2760 577 2830 placentia
599 2756 716 2819 moditia,
741 2745 933 2814 μελιτούτταις.
975 2749 1021 2801 Sic
1043 2748 1122 2801 etiam
1139 2751 1208 2800 totto
1225 2746 1313 2798 Smne

297 2883 317 2919 a.
334 2882 370 2918 ν..
388 2863 491 2915 idido‘co
508 2855 665 2919 μελιτοῦττα
682 2862 739 2908 τοῖς
757 2859 854 2919 νεκροῖς
872 2841 907 2904 οἱς
919 2847 955 2903 εἰς
969 2839 1166 2916 τδνΚὶρβερον,
1184 2844 1316 2897 similiter-

298 2984 348 3034 que
367 2984 409 3035 ap.
429 2965 511 3018 Vino.
531 2962 596 3011 den.
614 2955 660 3019 Vl,
679 2957 741 3005 419,
767 2950 898 3003 Cerberus
921 2949 1057 3012 domatur,
1083 2946 1128 2998 coi
1144 2954 1222 2998 vates
1240 2943 1316 2996 melle

299 3065 476 3135 soporiferam
506 3067 533 3109 et
563 3052 702 3107 medicatis
723 3045 857 3122 frugibus
882 3045 968 3117 offam
991 3044 1098 3105 obiicit,
1135 3047 1193 3099 coii.
1221 3043 1315 3097 tiam

298 3166 384 3217 Etiam
402 3164 428 3213 in
446 3154 590 3225 Trophonii
608 3159 711 3205 antrum
734 3149 781 3215 qui
803 3142 1011 3212 descendebant,
1038 3138 1210 3207 minmicrec
1227 3156 1315 3194 aecum

298 3267 414 3320 terebant
432 3260 465 3314 ad
479 3263 615 3327 cerpentes
633 3253 723 3306 obvios
740 3249 934 3314 demulcendos,
953 3246 990 3301 ci.
1004 3248 1153 3300 Antan-ortt.
1172 3240 1241 3293 Nub.
1252 3244 1314 3293 ddi.

297 3369 359 3434 ibiq.
379 3368 525 3431 interprett.
561 3358 616 3410 lam
640 3352 713 3406 videa
736 3365 827 3405 eornm
852 3347 954 3403 diatichi
980 3360 1100 3399 oemunt:
1129 3347 1233 3412 praeter
1255 3354 1314 3391 ear·

299 3471 368 3523 mina
385 3468 464 3518 etiam
482 3463 591 3527 herbae,
614 3459 664 3524 ait,
689 3456 783 3510 femina
801 3451 881 3506 habet
897 3456 925 3502 et
944 3449 1076 3516 placentae
1093 3443 1207 3507 magicas
1224 3438 1312 3490 ostica-

298 3570 430 3629 eiasimaa,
458 3564 522 3616 haec
541 3580 588 3631 pro
607 3561 733 3628 exemplis
750 3554 871 3618 tendant,
893 3549 962 3603 unde
985 3546 1018 3598 de
1043 3549 1100 3595 tota
1116 3541 1219 3593 officina
1235 3553 1315 3604 sagae

299 3666 408 3722 indicari
426 3663 517 3732 possit·
563 3667 648 3728 Atque
664 3662 703 3714 ita
721 3657 879 3729 patefactum
896 3657 951 3713 eat,
973 3660 1024 3701 non
1041 3651 1142 3699 temere
1158 3642 1200 3696 hic
1218 3642 1253 3694 de
1270 3656 1316 3692 ca·

299 3770 374 3824 niorto
391 3763 499 3821 internis
517 3761 584 3827 dici,
611 3762 673 3815 iicet
695 3773 775 3827 rupta
798 3757 850 3807 iam
872 3750 924 3803 aiio
950 3750 1009 3800 ioco
1036 3745 1071 3798 de
1095 3742 1187 3797 animia
1210 3740 1318 3794 infernin

299 3872 403 3924 dixerit.
439 3866 563 3919 Ceterum
581 3862 615 3916 de
632 3862 712 3915 iatina
729 3854 911 3911 terminatione
937 3852 1060 3902 Hecatae
1077 3846 1131 3900 rid.
1149 3845 1317 3897 iidtcnxtoa

299 3969 332 4023 ad
356 3967 382 4023 t.
408 3968 426 4019 l·
471 3964 523 4016 Eat
549 3960 598 4014 hoc
628 3974 712 4028 genno
740 3953 976 4023 treqrteatiaaimnm
1002 3955 1083 4016 atque
1109 3946 1187 3999 etiarn
1209 3942 1318 4009 «elegiae

300 4069 412 4123 maxime
430 4063 595 4119 convenient.
614 4087 651 4099 -
677 4059 714 4111 V.
729 4058 766 4108 55
781 4071 840 4121 aqq.
865 4054 996 4105 iaiiore
1019 4060 1099 4115 caepe
1117 4042 1240 4095 aitaoiete
1259 4040 1320 4108 poni

300 4168 399 4222 notavit
416 4164 657 4215 Wnnnaantcuwa
676 4152 795 4226 pluribua
811 4151 896 4203 ailatia
914 4148 1050 4217 eaempiia.
1067 4144 1106 4197 aic
1123 4140 1189 4199 inira
1205 4138 1226 4205 l,
1238 4141 1265 4201 8,
1274 4138 1320 4187 ⁵6.
