3009 4725
315 402 371 444 cxc
672 374 679 388 '
726 381 784 443 DE
808 376 928 444 POESI

316 570 430 614 aureae
458 551 565 613 aetatis
593 549 780 613 felicitatem.
812 517 939 612 ‘Verba
966 548 1130 614 transitum
1154 555 1335 635 propiorem

316 665 439 726 nulhtm
464 665 599 737 habent3
631 661 685 724 sed
701 662 780 746 'quis
807 663 893 724 hunc
919 659 1166 728 desideraverit?
1220 664 1336 729 Similis

315 796 366 837 res
390 778 422 853 1,
444 780 481 855 4,
504 783 555 839 57.
599 777 732 838 Dixerat
762 788 834 838 ante
862 774 1022 859 quomodo
1050 778 1189 840 honestis
1216 780 1335 841 artibus

315 890 460 971 obsequii
482 890 626 952 vincatur
645 909 743 972 puer3
775 910 859 951 nunc
882 887 923 951 ad
946 892 1126 972 oppositum
1150 892 1335 970 cogitatione

315 1002 402 1065 venit
425 1015 456 1064 et
478 1004 639 1066 avaritiam
667 1023 797 1084 pravam
822 1022 995 1083 puerorum
1019 1002 1207 1066 hodiernam
1230 1005 1337 1087 queni-

314 1125 387 1191 απ,
429 1135 493 1198 quo
528 1116 608 1178 nihil
642 1117 738 1194 magis
773 1126 1030 1178 consentaneum.
1091 1115 1201 1177 Verba
1233 1129 1337 1178 autem

316 1226 501 1307 abruptiora
528 1240 620 1306 sunt,
657 1239 750 1309 atque
779 1227 822 1289 ita
850 1228 1000 1292 convenit
1027 1228 1266 1306 exclamationi3
1304 1226 1338 1290 id

316 1335 404 1419 quod
423 1341 487 1401 iam
508 1351 579 1401 ante
602 1351 710 1403 notare
733 1352 892 1420 poteram,
919 1354 1015 1424 atque
1035 1342 1148 1404 iterum
1170 1361 1337 1420 cognoscas

314 1451 347 1530 1,
371 1458 408 1528 9,
429 1458 482 1514 57.
513 1453 569 1514 ubi
600 1455 634 1515 in
664 1453 883 1533 obiurgatione
912 1475 996 1520 nova
1028 1475 1100 1535 pars
1130 1473 1237 1515 nortun
1266 1474 1338 1516 cunr

316 1565 542 1628 exclamatione
568 1567 703 1628 insertur
724 1567 799 1630 satis
820 1568 965 1648 graviter.
1006 1567 1179 1630 Veniamus
1203 1565 1339 1630 adalia.

316 1678 373 1741 Est
400 1680 539 1759 egregius
558 1681 654 1741 locus
681 1680 713 1758 Ι,
734 1686 773 1759 2,
796 1685 846 1744 35.
897 1677 1043 1745 Ostendit
1069 1693 1164 1764 poeta
1191 1682 1255 1743 illic
1283 1682 1342 1744 tri·

316 1794 432 1871 partito
464 1804 603 1855 amantes
632 1794 665 1853 in
696 1795 794 1857 tutela
821 1794 956 1856 Veneris
987 1816 1073 1872 esse,
1111 1807 1144 1857 et
1172 1807 1339 1877 postquam

241 1951 246 1960 .
316 1905 456 1984 primum
488 1904 527 1965 de
559 1905 676 1968 artibus
708 1906 833 1971 furtivis
862 1907 949 1970 domi
980 1907 1079 1986 dixit,
1115 1920 1183 1970 tum
1211 1906 1250 1967 de
1280 1906 1340 1969 viis

317 2018 499 2097 nocturnis,
535 2031 694 2099 postremo
724 2033 833 2082 monet
864 2021 957 2083 etiam
985 2019 1161 2101 proditores
1189 2019 1338 2100 loquaces

317 2152 336 2192 a
360 2132 487 2194 Venere
515 2132 662 2213 punitum
689 2133 738 2195 iri.
789 2131 900 2195 Nexus
927 2134 1024 2211 igitur
1051 2134 1187 2213 partium
1215 2132 1336 2209 clarus;

245 2293 249 2302 .
316 2242 373 2306 sed
401 2245 510 2306 ultima
538 2246 671 2328 abrupte
699 2245 860 2326 praeclara
884 2265 954 2307 cum
979 2245 1012 2306 vi
1039 2265 1096 2323 per
1124 2244 1338 2323 apostrophen

315 2358 515 2438 inseruntur,
553 2381 623 2424 cum
661 2356 723 2419 dici
757 2368 863 2437 posset
897 2355 1001 2418 minus
1036 2374 1187 2420 nervose:
1229 2352 1337 2431 Quare

316 2473 411 2534 ctiam
439 2493 480 2534 ne
510 2472 579 2555 quis
607 2466 740 2550 prodat!
789 2466 854 2531 Sed
880 2481 954 2531 sunt
983 2470 1076 2531 etiam
1104 2469 1166 2531 alia
1194 2471 1339 2552 exempla

314 2584 351 2646 in
385 2584 495 2648 eodem
527 2583 663 2647 carmine
694 2604 726 2647 a.
742 2588 795 2645 67.
823 2593 855 2645 et
876 2588 928 2645 81.
988 2582 1138 2664 Depingit
1169 2585 1215 2646 ibi
1244 2596 1340 2666 poeta

316 2700 418 2762 tribus
447 2697 524 2760 locis
555 2695 804 2776 magnitudinem
835 2709 868 2759 et
898 2699 1105 2759 constantiam
1135 2698 1250 2761 amoris
1281 2701 1340 2777 sui,

317 2811 373 2892 qui
400 2810 516 2891 optime
544 2821 659 2872 coeunt
684 2810 718 2871 in
748 2830 844 2871 unam
873 2830 1026 2873 summam
1050 2813 1245 2873 sententiam.
1295 2813 1341 2875 Aa

316 2935 487 3006 postquam
512 2918 591 2983 dixit
619 2920 768 2983 restitisse
799 2940 832 2984 se
860 2921 1060 2986 exstinctioni
1087 2925 1203 2987 amoris
1227 2946 1245 2985 a
1269 2945 1341 3005 saga

316 3039 508 3117 promissae,
543 3035 681 3116 primum
710 3030 847 3096 ostendit
875 3037 1021 3117 opposita
1046 3035 1152 3100 rivalis
1179 3035 1341 3100 cuiusdam

316 3146 445 3211 levitate
480 3166 513 3209 se
548 3150 600 3211 rel
639 3158 856 3227 paupertatem
892 3148 1027 3213 hbenter
1064 3153 1270 3211 toleraturum
1305 3151 1342 3212 in

318 3260 430 3324 Deliae
459 3280 537 3339 usu3
573 3258 628 3322 ubi
661 3279 732 3320 cum
761 3256 823 3321 dici
855 3272 977 3340 posset:
1017 3259 1100 3323 Nam
1128 3262 1181 3324 ille
1213 3260 1343 3344 quidem

319 3376 442 3438 ferreus
472 3375 532 3436 tuit
561 3385 638 3449 εει,
673 3383 791 3455 quanto
819 3374 984 3435 nervosius
1011 3373 1079 3435 siae
1109 3375 1162 3437 tali
1189 3374 1343 3456 particula

318 3489 457 3550 infertur
477 3485 646 3569 oppositio.
688 3481 814 3546 Deinde
837 3505 854 3545 a
877 3506 909 3548 v.
922 3490 974 3546 81.
995 3486 1056 3548 hoc
1078 3485 1140 3566 agit
1160 3498 1196 3547 ut
1216 3481 1342 3567 siquid

319 3598 472 3660 meruerit
505 3609 536 3659 et
568 3598 745 3659 irascantur
775 3593 839 3675 dii,
857 3598 976 3671 ,etiam
1010 3595 1192 3677 expiatoriis
1228 3595 1342 3659 ritibus

320 3707 494 3773 durissimis
515 3707 687 3773 subeundIs
710 3721 856 3791 paratum
878 3730 912 3772 se
934 3707 1092 3785 ostendat,
1122 3709 1247 3773 nullum
1268 3729 1344 3791 sup-

318 3825 449 3908 plicium
466 3833 669 3885 recusaturus
686 3843 746 3903 pro
760 3823 871 3885 Deliae
889 3844 958 3885 usu.
1000 3818 1064 3899 Qui
1080 3823 1169 3886 locus
1186 3837 1344 3887 crescente

321 3959 393 4001 cum
423 3935 558 4011 affectu,
596 3946 632 3996 ut
662 3955 721 4016 par
751 3946 817 4013 est,
855 3936 1003 3999 insertur.
1064 3936 1187 4018 Nempe
1219 3958 1346 3999 carnsen

321 4045 646 4136 παρακλαυσίθυρον
681 4057 745 4123 est,
791 4049 895 4129 qualia
934 4058 1005 4109 ante
1045 4046 1173 4109 ianuam
1208 4050 1345 4111 clausam
