3009 4725
295 307 357 367 1³4
462 335 465 343 =
536 302 817 370 COMMENTAR.
839 307 884 371 ΙΝ
905 307 1079 371 TlBULLI

295 477 350 551 legi
372 477 424 533 snb
448 480 551 534 nonnus
570 489 662 533 nostro
686 480 761 554 quod
784 480 902 533 deducto
925 501 995 535 mero
1019 484 1114 536 littera
1126 483 1215 554 fecit,
1242 503 1311 541 arao.

297 578 420 632 Ceterm
438 578 531 631 orbis
549 593 684 634 mensae
702 587 743 634 est
761 581 872 634 rotunda
885 598 981 637 mensa
1007 583 1132 637 Similiter
1144 585 1242 642 iornrr.
1255 590 1313 643 Sat.

295 676 331 740 lt,
347 681 452 729 122-
473 678 504 734 V·
514 681 546 729 21
558 695 597 746 sq.
616 678 747 733 Exibit.
766 681 900 735 Locrnrns
918 688 1081 750 comparatus
1101 682 1134 733 ab
1154 682 1267 737 Hermo
1286 692 1314 738 et

296 777 366 830 nliisa
401 777 463 830 Ant
481 794 540 829 cum
556 777 610 829 iter
625 788 667 830 est
685 778 778 851 aliquo
795 789 823 830 st
840 797 949 832 causam
970 788 1115 831 commenta
1134 778 1191 833 vitri
1207 806 1242 823 ι-
1260 792 1313 834 aut

296 876 373 946 apud
389 875 537 946 aurfficem,
559 877 598 929 nd
612 886 733 934 matrem,
753 886 895 947 cognatam
913 875 952 926 ad
967 877 1087 934 amicam,
1104 888 1156 928 aut
1173 888 1313 947 operatum

297 974 389 1048 aliquo
412 976 552 1030 incelebri
576 996 634 1031 curn
657 976 817 1049 aequalibus
830 977 910 1048 fano.
928 1004 964 1016 -
1000 978 1067 1031 Mos
1092 993 1152 1030 scu
1177 977 1202 1031 b.
1220 994 1244 1031 e·
1268 979 1312 1031 val

297 1074 329 1132 si,
347 1081 377 1129 nt
395 1078 515 1132 observat
531 1081 770 1134 Wnnnsnnrcnsns
782 1078 815 1132 ad
831 1079 891 1132 Tib.
901 1079 990 1145 ints.
1006 1079 1311 1147 Properantem.

297 1175 381 1232 nans.
407 1179 464 1232 sae
489 1179 510 1244 1,
529 1184 573 1233 ss.
600 1180 714 1232 riudam.
750 1157 1018 1234 indentemini.
1042 1182 1075 1235 m
1094 1182 1268 1251 Propertii,
1287 1186 1313 1249 ι,

294 1278 341 1331 ΙΙΙ.
359 1304 397 1316 -
428 1279 534 1330 Sacra
560 1277 674 1330 Bonae
701 1279 796 1331 Deae.
839 1278 927 1332 Locus
952 1281 1075 1333 classicos
1101 1280 1135 1333 de
1160 1281 1233 1334 Bona
1258 1282 1313 1334 Des

296 1379 339 1427 est
361 1373 489 1427 Mimos.
512 1374 655 1442 Saturni,
676 1380 719 1430 tn.
766 1376 864 1430 Notum
887 1393 950 1432 vero
974 1380 1008 1432 ad
1032 1379 1095 1433 baec
1119 1396 1193 1434 sacra
1215 1381 1317 1433 nonnisi

298 1473 406 1528 laninas
431 1473 571 1539 admissam
599 1476 643 1542 qui
667 1476 707 1527 vir
728 1491 760 1529 ea
785 1476 962 1545 adspexisaet,
987 1493 1046 1532 enm
1069 1481 1151 1533 oculis
1175 1478 1316 1532 credebant

297 1574 391 1629 orbari.
433 1574 493 1628 Non
511 1581 597 1627 antem
622 1574 727 1627 donnum
750 1577 913 1628 consularem
931 1576 956 1632 b.
975 1578 992 1630 Ι.
1010 1578 1132 1644 intelligit
1150 1585 1243 1646 poeta,
1271 1579 1316 1631 nbi

298 1676 378 1729 mmai
409 1691 457 1744 per
488 1690 582 1727 annnnr
606 1675 763 1727 sacrificinm
788 1676 900 1727 maxima
928 1677 1084 1729 caerimonia
1109 1693 1126 1729 a
1149 1677 1318 1730 nobilioribus

300 1771 402 1828 tenonis
424 1771 620 1839 celebrabatur,
651 1772 703 1826 vid.
726 1790 770 1842 ap.
788 1774 885 1827 Crosa.
906 1774 981 1828 Orat·
1003 1776 1037 1828 de
1055 1777 1167 1846 liarnsp.
1186 1777 1317 1846 Respons.

301 1890 325 1929 c.
345 1879 403 1938 ll„
426 1875 473 1927 sed
491 1875 593 1943 publica
611 1877 724 1945 templa,
748 1890 817 1943 qnae
834 1875 886 1928 dno
905 1884 979 1930 erant
996 1878 1112 1943 Romae,
1135 1877 1169 1930 ci.
1187 1877 1319 1930 Bnooos·

303 1991 416 2031 anama.
451 1977 571 2044 Denique
597 1978 667 2044 qnod
692 1978 812 2032 libidines
835 1980 928 2031 attinet
950 1981 1086 2032 mulierum
1109 1980 1135 2032 in
1153 1980 1205 2032 illis
1229 1978 1319 2044 sectis,

302 2074 354 2128 rid.
374 2076 456 2128 Orno.
474 2076 532 2129 Art.
553 2079 612 2129 Am.
631 2077 679 2142 ΙΙΙ,
702 2081 765 2130 ont.
792 2077 888 2129 loven.
912 2079 969 2129 Sat.
992 2078 1037 2141 vt,
1054 2081 1116 2129 314.
1139 2103 1176 2115 -
1202 2079 1318 2132 visere

302 2175 412 2242 dicet,
429 2176 455 2232 b.
472 2193 496 2232 e.
515 2179 554 2231 lre
572 2194 602 2231 se
620 2177 690 2231 dicet
706 2177 739 2230 ad
757 2192 839 2228 sacra.
868 2176 909 2228 Gi.
927 2176 960 2227 ad
977 2176 999 2241 1,
1016 2181 1043 2240 ³,
1061 2181 1105 2230 27.
1122 2203 1158 2214 -
1176 2177 1209 2228 V.
1227 2180 1319 2243 2³sq.

304 2276 345 2326 At
368 2267 500 2330 mibi'si
523 2275 660 2341 credas,
685 2274 900 2328 costodiameins
917 2275 1072 2328 committas.
1088 2298 1123 2314 -
1151 2274 1244 2326 illam
1268 2290 1319 2328 se·

303 2392 387 2443 quar
410 2393 496 2431 nnus
520 2379 560 2432 ad
583 2394 672 2443 aras,
700 2376 802 2430 audebo
820 2377 886 2428 clem
903 2377 977 2443 seqni
995 2378 1035 2428 rel
1056 2377 1083 2429 in
1100 2375 1146 2429 iras
1162 2376 1243 2428 aedes
1258 2377 1320 2429 risis

304 2494 356 2532 non
373 2477 512 2532 adeundas.
548 2478 614 2531 Erat
637 2480 705 2533 enias
729 2478 843 2546 dignitas
861 2479 951 2530 Bonae
970 2479 1044 2529 Deae
1067 2478 1112 2529 illo
1129 2480 1249 2547 tempore
1269 2477 1321 2529 ianr

305 2576 472 2644 labefactata,
497 2584 527 2631 nt
549 2579 628 2632 etiam
651 2578 772 2632 Tibnllns
796 2579 875 2644 vulgo
900 2577 1039 2644 religiosor
1056 2578 1121 2630 clam
1139 2579 1265 2631 interesse
1282 2578 1322 2631 bis

306 2678 390 2732 sacris
406 2694 458 2731 non
477 2681 597 2747 timeret,
623 2697 777 2749 quemqnam
798 2681 824 2732 in
842 2680 938 2732 affecto
956 2678 1070 2745 loquitor
1087 2683 1114 2730 et
1131 2685 1247 2730 extrema
1264 2684 1323 2731 ten·

308 2783 347 2830 tat
364 2778 398 2831 ed
416 2780 584 2832 coercendam
612 2779 743 2831 libidinem
767 2778 867 2832 Deliae.
904 2778 1026 2829 Ceterum
1051 2777 1133 2829 mains
1158 2775 1229 2830 aditn
1251 2777 1323 2828 clan-

307 2876 409 2933 destino
429 2860 611 2932 crimsn'lrand
631 2879 708 2932 dnbio
726 2880 857 2946 annlgstio
872 2894 1002 2930 sacrorum
1022 2883 1092 2943 erat,
1122 2890 1199 2944 quant
1217 2875 1324 2944 Lygda-

309 2996 366 3034 mus
384 2998 441 3035 cnm
460 2981 518 3033 aliis
535 2981 640 3033 nefariis
657 2981 736 3033 rebas
755 2980 900 3034 detestatur
916 2982 983 3033 inira
1000 2980 1049 3046 ΙΙΙ,
1066 2986 1093 3045 5,
1111 2986 1138 3033 ¹1.
1155 2983 1181 3032 8.
1198 3007 1233 3021 -
1261 2993 1322 3032 non

311 3080 420 3132 oculis
439 3080 488 3131 sit
512 3079 670 3131 timuisse
688 3079 787 3145 meis,
812 3086 874 3131 tnnc
891 3095 942 3131 non
961 3079 1071 3132 verebor
1088 3080 1256 3145 caecitatem,
1274 3094 1325 3132 non

310 3178 430 3233 ciendam
448 3185 520 3232 meta
537 3178 670 3230 caecitatis
689 3178 779 3230 ocnlos
800 3193 888 3244 meos,
908 3178 956 3230 sed
974 3180 1104 3237 intendam
1123 3194 1169 3232 eos
1186 3180 1282 3231 acriter
1298 3184 1327 3230 et

312 3280 456 3333 observabo
474 3279 671 3346 diligentissime
692 3294 744 3333 non
762 3286 881 3333 metuens
902 3295 1019 3348 poenam.
1037 3307 1073 3319 -
1100 3293 1163 3332 non
1188 3277 1249 3343 sit,
1275 3291 1326 3328 non

312 3378 374 3442 liet,
394 3394 445 3432 non
464 3380 566 3437 accidet
582 3379 643 3433 mibi
660 3388 690 3433 nt
707 3383 820 3435 timeam.
857 3382 1062 3434 Constructionis
1080 3381 1200 3448 exempla
1216 3377 1325 3447 plurima

315 3477 448 3540 congessit
471 3478 607 3532 Hrrrnsrns
631 3480 663 3531 ad
688 3479 764 3533 Orid.
784 3482 840 3535 Art.
861 3484 916 3533 Arn.
935 3479 970 3547 ΙΙ,
988 3484 1031 3532 28.
1055 3487 1160 3533 notante
1183 3478 1328 3530 Won'onn·

316 3586 421 3625 srnnro.
456 3573 562 3628 listris
580 3581 662 3631 maior
679 3580 704 3631 ln
723 3581 848 3649 ampliora
866 3580 986 3634 dictione.
1025 3579 1098 3632 Adde
1116 3594 1183 3647 qnae
1200 3576 1265 3629 inira
1282 3590 1329 3627 no-

315 3672 427 3727 tavisses
449 3672 483 3726 sd
501 3673 591 3741 1V,n‚
608 3681 633 3730 o.
670 3679 797 3733 Similiter
821 3681 918 3733 Graeci
942 3681 994 3748 εἴη,
1018 3673 1055 3747 μή
1078 3679 1132 3747 riq,
1155 3683 1186 3730 nt
1210 3676 1331 3729 Prnnsn.

316 3777 360 3831 (ll.
378 3777 399 3842 Ι,
420 3779 481 3830 tlt.
513 3776 591 3844 Pytb.
613 3780 706 3845 1,'29.·
722 3781 792 3850 qnod
810 3787 906 3834 notum.
925 3807 962 3821 -·
988 3781 1084 3834 Restat
1100 3786 1131 3833 nt
1148 3779 1181 3832 ds
1198 3783 1255 3831 toto
1272 3777 1331 3830 loco

317 3877 424 3931 verbnm
447 3878 548 3934 addam.
586 3879 652 3932 (iarn
675 3881 782 3933 rnaritns
798 3880 869 3932 solas
886 3877 1018 3933 custodire
1035 3892 1144 3932 uxorem
1166 3892 1219 3932 aon
1242 3877 1333 3945 possit,

317 3976 378 4031 inde
402 3978 436 4031 ab
456 3977 506 4032 boc
530 3978 640 4032 disticlro
658 3980 721 4033 illud
739 3980 796 4048 agit
813 3986 907 4047 poeta,
933 3986 963 4033 nt
980 3996 1052 4033 snam
1070 3979 1214 4034 custodiam
1231 3978 1334 4032 od'erat.

319 4076 429 4128 Dixerat
452 4076 556 4137 cuidem
574 4095 668 4148 supra:
696 4095 746 4133 me
770 4086 1082 4149 qnoque-servato,
1111 4078 1158 4133 sed
1175 4078 1210 4134 de
1228 4077 1277 4130 lroc
1299 4076 1335 4129 ibi
