3009 4725
464 444 574 509 LlBR.
597 446 621 507 1.
665 443 789 508 ELEG.
812 446 852 509 ll.
1139 458 1178 514 ³7

149 622 213 673 rain
231 636 331 671 nucum
354 613 479 669 anb'iile
500 614 616 685 peregit.
637 637 668 656 ··
695 613 802 682 Pergit:
831 628 901 669 cum
929 617 1023 683 poeti
1046 616 1178 673 florida

149 727 246 774 certa
270 718 392 770 darem.
439 715 548 768 Constat
572 718 701 766 amatores
724 713 937 767 comissabundoa
962 716 1074 769 corollae
1097 718 1176 787 eaplti

150 822 281 902 detractae
298 818 462 887 suspendere
487 816 578 867 solitoa
603 821 663 867 ante
685 815 756 868 lorea
774 817 919 885 puellarum
936 826 982 871 ant
1000 820 1079 872 etiam
1097 821 1124 872 ia
1141 821 1174 873 li·

150 923 218 976 mine
236 935 369 990 apnrgere.
406 915 448 969 cl.
474 916 617 968 Procnen.
643 914 726 980 1‚1c‚
749 920 775 967 t.
812 915 894 968 Oria.
919 917 1020 971 Amara.
1045 917 1067 982 l,
1084 923 1110 984 6,
1128 924 1171 973 nn.

153 1025 208 1076 llrt.
234 1025 292 1074 Am.
316 1020 366 1084 Ill,
392 1022 434 1070 ⁷2
471 1015 580 1068 Remed.
606 1019 664 1067 olna.
688 1017 733 1068 ³2.
770 1015 896 1068 Looooo.
920 1015 964 1082 lV,
988 1022 1067 1070 llio.
1104 1018 1173 1073 Hinc

154 1124 275 1179 calpurni
297 1117 381 1167 ἱκέται
404 1113 508 1168 Anthol.
527 1116 574 1168 Gt.
593 1113 669 1167 Tolli.
689 1115 709 1165 l.
746 1113 898 1167 Mumen-
918 1119 963 1170 64.
983 1140 1014 1157 ··
1045 1117 1172 1174 florida

154 1218 176 1268 ai
195 1232 257 1269 vera
276 1215 371 1279 lectio,
391 1212 602 1281 aigniticabnntur
619 1211 739 1265 florentia
756 1214 833 1266 teriia
852 1214 966 1268 llnribna.
1004 1215 1086 1269 Orrn.
1107 1218 1171 1272 Met.

151 1315 187 1378 ll,
205 1318 258 1365 21:
284 1312 401 1363 cinctam
418 1312 537 1381 florente
555 1328 659 1363 corona.
696 1310 750 1364 Sol
777 1327 828 1365 non
855 1314 959 1382 acripalt
984 1314 1020 1366 ila
1043 1315 1172 1372 ‘Dballoa

153 1414 239 1480 Vulgo
258 1412 345 1481 potina
355 1412 446 1480 floren
466 1409 570 1474 dicunt,
598 1407 623 1462 ln.
642 1425 665 1462 e.
691 1409 797 1463 llorilrna
814 1426 896 1476 nana,
923 1410 974 1464 tid.
993 1411 1171 1473 Bannonnna.

152 1512 184 1563 ad
205 1513 225 1576 l,
244 1516 269 1575 1,
289 1516 330 1564 lti-
372 1509 413 1564 Ac
431 1515 494 1563 nota
512 1514 553 1563 eat
570 1507 689 1561 codicum
708 1507 879 1577 discrepantia
896 1510 922 1562 in
939 1508 978 1561 lrla
996 1510 1099 1577 lormia,
1121 1513 1170 1565 etai

155 1613 203 1664 troc
221 1613 278 1664 loco
296 1611 355 1662 libri
372 1593 462 1663 omnes
474 1607 579 1678 florida
597 1607 701 1659 liabent.
717 1633 753 1646 -
778 1606 901 1660 darem.
938 1606 1024 1660 Notata
1042 1615 1083 1662 eat
1099 1626 1170 1676 aena,

152 1712 197 1764 nbi
223 1711 399 1764 coniunctivae
429 1710 464 1762 de
492 1708 605 1776 repetita
637 1709 739 1758 actione
768 1711 922 1775 usurpatur,
954 1707 1171 1773 quemadmodum

153 1814 257 1864 Graece
281 1810 418 1878 optativus.
456 1808 533 1861 llum
555 1808 798 1861 Wnnoaanromna
816 1806 858 1860 lrlc
875 1805 995 1874 adhibet,
1022 1807 1112 1862 &mm
1131 1827 1169 1880 pr.

153 1907 258 1980 quoties
276 1907 368 1958 darem
385 1908 516 1975 explicans
532 1911 658 1974 aequente
676 1905 793 1972 Bacnro,
809 1906 855 1959 aed
874 1921 925 1959 non
940 1908 1074 1961 attentior.
1111 1909 1170 1963 Non

152 2016 251 2062 temera
274 2008 418 2062 adhibenda
435 2007 499 2062 llaec
523 2011 590 2062 retic
608 2014 664 2074 eat,
690 2025 721 2061 ac
742 2009 845 2062 auarior
862 2014 890 2060 et
907 2007 993 2076 aptior
1009 2021 1077 2060 nunc
1095 2011 1170 2061 onina

153 2109 217 2160 certi
235 2110 360 2177 temporie
377 2107 489 2175 lncthne
506 2107 662 2161 recordatio.
700 2106 818 2176 Opponlt
833 2108 878 2160 ille
895 2107 928 2161 de
951 2123 1002 2160 nno
1020 2105 1090 2164 teoto
1108 2107 1169 2158 dadi

152 2205 285 2260 dicendum
304 2208 399 2272 fulica,
426 2214 517 2272 acute,
544 2182 591 2259 aed
616 2220 756 2260 nectere.
791 2187 840 2260 'De
861 2223 913 2260 noo
930 2207 1000 2261 iacto
1019 2213 1090 2260 recte
1107 2224 1167 2257 curn

153 2306 211 2356 dedi
229 2314 255 2361 et
273 2327 334 2359 cnm
351 2308 441 2359 dorem
459 2310 570 2375 dicitnr,
589 2305 637 2362 lroc
655 2315 741 2362 tamen
762 2308 923 2377 dlacrlmine,
941 2309 1011 2378 qnod
1027 2309 1169 2378 perlectum

152 2425 173 2462 a.
197 2411 308 2462 aoriatna
333 2412 485 2479 simpliciter
511 2415 599 2462 narrat
625 2425 679 2462 rem
706 2417 734 2461 nt
760 2408 870 2469 lacum,
898 2411 1049 2479 alnrpliolter
1074 2409 1170 2462 indicat

152 2514 252 2572 geatam
271 2525 337 2573 eam,
361 2510 539 2578 imperfectum
558 2527 620 2564 vero
642 2508 799 2580 phantasiam
815 2512 891 2563 aimnl
909 2514 1015 2575 excitat,
1035 2511 1169 2579 pcatnlana

152 2623 217 2672 rem,
236 2623 294 2660 cnm
313 2609 394 2673 tieret,
412 2618 441 2661 nt
459 2613 601 2677 cogitemoa
621 2619 648 2665 et
665 2618 725 2665 ante
748 2612 839 2664 cculoa
857 2611 930 2663 notio
947 2627 1083 2678 ponamna.
1120 2614 1168 2664 tlt-

149 2723 201 2775 qne
218 2710 256 2793 ita
274 2711 394 2762 convenil
410 2711 524 2764 suaviter
542 2711 599 2766 lrnic
618 2715 684 2768 loco.

221 2808 252 2861 V.
277 2812 378 2862 llo-ld.
424 2811 573 2867 Mediam
601 2829 746 2869 carmen.
789 2810 904 2867 Prima
931 2826 1015 2880 para.
1059 2812 1166 2865 Docet

152 2907 298 2975 Deliam,
326 2909 434 2965 lortee
461 2923 617 2968 amantea
642 2931 659 2968 a
683 2916 820 2969 Venere
843 2911 1002 2965 adiuvari
1029 2915 1063 2962 at
1093 2925 1168 2977 pro-

152 3009 239 3074 tegi,
263 3009 402 3063 celante
425 3012 523 3066 locta
546 3016 680 3068 amorio.

223 3107 253 3158 V.
268 3112 302 3160 to
312 3126 368 3176 aqq.
386 3110 434 3163 Tu
453 3127 598 3178 quoqne.
629 3113 764 3166 Neminem
778 3110 961 3166 adtollendnnr
975 3108 1168 3169 hortatorem,

151 3205 188 3256 ait
206 3205 463 3274 llcnneanrcmm3
491 3212 596 3280 explica
621 3213 714 3279 initura
745 3212 787 3264 Te
805 3227 909 3279 qnoque
928 3210 1053 3262 obtestor.
1091 3203 1168 3257 Aliud

150 3306 298 3372 exemplum
316 3316 356 3360 eat
374 3312 408 3376 ll,
429 3317 452 3376 l,
473 3315 516 3365 11.
553 3314 634 3366 Plura
659 3313 737 3367 lrabet
762 3315 1011 3367 Wunnnanrcnrna.
1049 3311 1086 3361 Ac
1109 3307 1169 3361 tide

148 3426 216 3478 qnae
239 3412 264 3463 ln
283 3412 334 3464 tine
352 3413 545 3468 Dissertationia
563 3418 596 3470 da
617 3416 772 3471 illectatione
790 3416 889 3469 Tibulli
912 3417 945 3468 de
966 3414 1004 3465 hia
1026 3411 1103 3465 reinna
1120 3426 1168 3464 cx-

149 3510 235 3576 plicni.
255 3536 292 3552 -
316 3509 394 3578 ipaa
419 3513 539 3568 Venno.
576 3516 688 3569 Sicano
711 3533 752 3585 ap.
780 3517 887 3581 Dionya.
905 3515 930 3568 d.
950 3516 1071 3583 Compos.
1090 3513 1169 3567 Verb.

149 3624 174 3675 p.
186 3613 254 3662 3⁶42
275 3607 308 3663 ori
326 3608 353 3662 δ’
370 3606 440 3664 alind
459 3610 595 3680 σύμμαχος
613 3615 679 3667 icoo.
691 3643 726 3653 --
743 3630 805 3668 sen
823 3614 901 3681 quie
920 3614 1064 3669 incenia.
1091 3613 1169 3669 Quod

150 3723 184 3759 ex
203 3712 259 3763 aliia
277 3712 413 3766 codicibua
430 3716 547 3769 Vossius
565 3719 662 3770 intexit
680 3714 814 3773 iuvenum,
833 3714 944 3767 alienum
963 3722 1010 3767 eet.
1048 3714 1171 3765 Ceterum

149 3821 197 3873 per
214 3823 244 3862 ae
261 3818 333 3877 patet
352 3819 467 3882 poetam,
485 3816 554 3882 qnod
573 3814 718 3885 generatim
736 3816 893 3881 diciturne
911 3822 1018 3882 ppopter
1036 3827 1066 3864 ae
1086 3812 1170 3877 ipannr

147 3903 245 3958 dicere.
265 3936 297 3948 -
323 3927 411 3966 nora
429 3890 693 3981 limina⁰tentat,
720 3918 799 3973 intrat
817 3913 930 3968 nondum
948 3915 1042 3964 intrata
1060 3910 1092 3961 ab
1112 3910 1170 3975 lpao

145 4009 216 4055 ante.
256 4006 334 4060 Viden
358 4014 420 4078 qnid
446 4030 489 4068 rea
515 4017 556 4068 ait·
594 4016 729 4081 Tibullum,
757 4016 802 4084 qni
827 4011 896 4081 apud
920 4012 1052 4078 innuptam
1070 4008 1172 4060 Deliam

136 4102 252 4168 ,saepiae
276 4103 384 4174 luiaaet,
413 4121 473 4180 poet
498 4117 603 4182 nuptiae
627 4130 720 4169 nornm
749 4115 853 4184 praellae
877 4110 1034 4162 domicilium
1060 4107 1171 4161 nondum

144 4208 202 4256 erat
228 4205 381 4276 ingressae,
408 4214 456 4266 aed
483 4214 566 4268 voluit
592 4217 703 4284 primurn
732 4216 780 4275 lrac
805 4219 891 4267 nocte.
933 4211 973 4264 ad
1001 4216 1115 4264 tentat
1141 4209 1170 4261 cl
