3009 4725
335 420 398 477 228
580 409 861 478 COMMENTAR.
884 409 928 471 IN
950 408 1124 473 TIBULLI

335 593 394 658 uic,
420 589 530 659 primunr
548 602 623 642 suum
642 593 700 656 post
718 587 823 655 nuptias
840 585 952 638 numium
970 585 1100 650 celebrat,
1125 583 1246 639 Tibullus
1264 595 1360 656 nutem,

335 692 379 759 qul
397 687 465 743 haud
483 688 560 740 dubie
580 686 672 740 aderat
688 685 773 751 festo,
794 686 881 738 attulit
899 685 983 737 amico
1005 683 1070 735 banc
1088 684 1214 750 elegiam,
1233 688 1359 752 quemad.

334 790 438 845 modum
457 790 508 841 alio
526 795 644 856 tempore
663 786 793 839 Messalae
813 785 938 838 solemnia
962 785 1079 836 natalitia
1097 785 1197 836 cecinit.
1234 785 1285 837 Est
1302 789 1360 840 ele-

333 907 398 960 gans
417 905 521 942 carmen
539 888 588 941 etsi
607 886 701 952 breve,
728 892 756 938 et
773 885 859 938 discas
885 883 926 936 liic
944 883 1013 949 quod
1032 889 1139 947 qurarlus
1157 883 1223 935 liber
1241 886 1356 953 pluribus

333 996 361 1043 te
385 989 511 1057 exemplis
535 987 655 1051 docebit,
683 986 761 1038 etiam
784 1001 800 1036 a
824 981 966 1035 minoribus
991 981 1149 1032 carminibus
1174 981 1234 1033 boni
1261 990 1355 1049 poetae

333 1103 384 1141 nnn
407 1088 499 1140 abessa
519 1086 717 1139 concinnitatem
735 1081 936 1149 compositionis.
973 1079 1105 1131 Dividitur
1124 1080 1254 1146 elegIdion
1273 1083 1354 1136 tribus

333 1189 459 1259 partibus.
493 1187 608 1239 Primum
626 1183 694 1236 enlm
711 1182 800 1234 indicit
826 1187 904 1249 poeta
922 1195 997 1232 sacra
1015 1187 1043 1232 ct
1066 1179 1176 1233 advocat
1200 1181 1276 1233 deum
1295 1181 1356 1233 iesti

333 1292 462 1353 Genium,
489 1287 558 1354 quod
584 1282 765 1337 exordium
789 1289 843 1346 est,
870 1280 1023 1334 secundo
1051 1249 1218 1333 Ioco⁴vota
1238 1279 1356 1333 CerInthi

332 1395 436 1452 tractat,
454 1401 520 1453 qnae
536 1400 583 1454 pro
598 1382 651 1435 fido
665 1397 754 1433 amore
772 1380 888 1444 coniugis
902 1395 960 1431 esse
979 1394 1030 1431 uon
1047 1379 1157 1444 dubitat,
1176 1385 1306 1447 postremo
1322 1395 1357 1431 ex

334 1488 419 1542 omine
437 1483 524 1536 lausto
548 1480 679 1533 rainneri
698 1485 759 1531 uota
783 1479 884 1529 nuntiat
902 1483 929 1530 et
949 1478 1007 1547 ipse
1031 1480 1109 1531 etiam
1129 1479 1190 1531 ielix
1210 1480 1356 1545 coniugium

332 1588 485 1658 prolemque
509 1586 631 1651 precatur
648 1578 747 1643 amico,
773 1577 817 1643 qui
838 1576 956 1628 exitus
982 1583 1023 1629 cst
1048 1578 1176 1629 carminis.
1212 1577 1292 1630 Vides
1315 1579 1355 1629 in·

332 1684 447 1737 dictione
465 1681 547 1744 sacri,
572 1678 655 1743 rotis,
682 1681 777 1729 euentu
794 1681 914 1726 votorum
932 1676 1050 1728 nuntiato
1071 1674 1234 1744 pulchreita
1257 1677 1356 1730 absolui

334 1796 439 1837 currum
457 1778 591 1842 carminis,
610 1782 640 1828 ul
658 1772 721 1828 nihil
738 1772 800 1827 eddi
818 1774 903 1842 possit
920 1772 991 1841 qnod
1009 1772 1083 1828 desit.

707 2280 974 2346 EXPLICATIO.

404 2569 525 2623 v.1-a.
562 2565 761 2621 Exordium.
796 2565 968 2620 iudicitur
993 2580 1138 2618 sacrum.

404 2667 532 2734 V.lsq.
569 2666 727 2720 Dicamus
761 2665 848 2718 bona
880 2664 991 2717 verbu.
1029 2664 1101 2716 Male
1126 2665 1289 2720 Gnon'onrus
1319 2669 1353 2721 ad

331 2764 390 2818 Lit.
410 2765 562 2830 XXXVIII,
580 2769 625 2819 4³.
651 2767 735 2818 innuit
757 2771 787 2817 ul
812 2765 966 2817 Mnaseus:
993 2765 1108 2817 dicamus
1128 2765 1195 2817 bona
1218 2768 1297 2819 verba
1320 2770 1356 2821 ad

331 2879 406 2929 ares,
433 2862 503 2930 quod
522 2865 599 2915 etism
624 2864 757 2916 Herulus
775 2870 880 2915 seculus
899 2870 955 2926 est3
979 2863 1027 2916 sed
1044 2852 1171 2918 solemnes
1191 2865 1238 2918 hae
1257 2867 1355 2919 sormu-

331 2965 389 3017 Iner
415 2962 512 3035 favere
530 2960 646 3031 linguis,
674 2961 742 3014 hauc
761 2964 962 3019 verbodicere,
990 2970 1096 3016 notante
1115 2966 1192 3018 etiam
1210 2966 1356 3018 Huscnuro

332 3063 452 3117 absolute
465 3070 492 3115 et
505 3063 562 3115 sinc
576 3062 621 3113 tali
636 3060 812 3115 additamento
829 3068 992 3131 usurpantur.
1029 3062 1165 3115 Editloues
1180 3056 1354 3117 ierc'nmnes:

331 3163 430 3215 venit
448 3161 473 3213 N
482 3160 586 3212 atalia
604 3159 643 3211 ad
661 3175 752 3224 aras,
768 3158 838 3227 quod
854 3161 984 3211 revocavit
998 3161 1190 3213 Lacnunnuns
1208 3163 1357 3231 postulante

333 3260 411 3313 etiam
431 3262 529 3314 Vossro
548 3265 575 3311 ct
594 3258 749 3310 Huscnnro.
788 3260 826 3310 Ac
844 3263 978 3324 comparat
1003 3259 1219 3311 Baoucunusrns
1237 3260 1303 3312 infru
1320 3258 1356 3325 11,
1374 3246 1389 3273 ⁹

332 3363 360 3423 ll,
378 3363 404 3410 a.
428 3366 456 3411 et
480 3361 563 3411 Ovio.
584 3359 691 3411 Heroid.
710 3358 784 3423 XXI,
805 3362 865 3410 inl.
911 3358 953 3411 Tu
973 3359 1032 3411 ride
1050 3361 1161 3411 maxime
1180 3359 1245 3411 inira
1264 3360 1308 3423 lv,
1328 3364 1356 3423 5,

332 3459 377 3509 11.
405 3457 448 3509 nbi
474 3457 517 3510 die
542 3460 620 3510 natali
644 3455 759 3509 Cerintlrl
785 3457 902 3523 Sulpicia
930 3457 1032 3509 Genio:
1060 3457 1161 3526 Quodsi
1182 3458 1260 3526 forle
1285 3454 1355 3504 alios

331 3552 388 3602 inm
406 3571 477 3605 nuuc
496 3557 618 3623 suspirat
636 3575 738 3610 ancoras
756 3558 939 3626 (CcrIntIlus),
964 3567 996 3609 tu
1012 3575 1106 3627 precor
1122 3558 1233 3625 infidos.
1252 3565 1356 3612 sancte,

331 3648 454 3721 relinque
475 3651 564 3721 socos.
610 3657 718 3709 Putabis
745 3664 832 3710 autem
862 3674 931 3710 nunc
963 3676 1041 3709 urum
1073 3660 1207 3726 cespitiam
1236 3659 1260 3710 in
1289 3659 1358 3710 atrio

330 3749 434 3806 Iactum.
471 3751 589 3804 oramus
607 3754 689 3809 Trist.
710 3757 742 3821 V,
762 3761 788 3820 5,
806 3762 833 3807 9.
858 3773 932 3809 sacrn
953 3757 1068 3808 natalitia
1088 3756 1209 3809 dominae
1227 3772 1289 3808 snae
1308 3757 1358 3810 de·

328 3851 460 3916 scribens,
485 3850 614 3921 Araque,
638 3855 690 3918 nil,
712 3854 850 3925 gramineo
868 3853 962 3904 viridis
981 3854 1012 3904 de
1030 3855 1130 3923 cespite
1142 3856 1217 3923 fiat,
1242 3866 1268 3905 et
1288 3856 1359 3908 velet

328 3949 430 4019 tepidos
448 3967 518 4002 nexu
536 3967 634 4001 corona
646 3950 967 4020 socos.1utuunn.XII,
988 3955 1018 4002 1:
1046 3953 1154 4007 Natali.
1175 3954 1294 4017 Corvino,
1314 3953 1358 4004 «lie

327 4049 394 4101 milri
412 4050 517 4103 dulcior
534 4049 601 4101 haec
619 4049 683 4108 lux,
709 4068 765 4123 qua
780 4051 877 4121 sectus
892 4050 1028 4118 promissa
1048 4051 1100 4103 allis
1120 4051 1251 4102 nluiuralic
1269 4069 1360 4119 cespes

326 4156 475 4215 exspectnt.
512 4149 606 4204 Collat.
625 4150 875 4205 erscnnnnrcnno
893 4150 926 4205 ad
945 4140 1039 4204 Horat:
1057 4148 1104 4215 lv,
1123 4152 1167 4216 11,
1183 4153 1207 4202 6.
1220 4178 1250 4189 -
1272 4150 1358 4203 Porro
