3009 4725
215 1075 560 1191 ALBli
651 1073 1168 1194 TIBULLI

359 1274 624 1351 arama
683 1274 1020 1353 Pluma.

583 1481 798 1515 *—

528 1743 788 1812 ELEGIA
837 1749 864 1814 1.

221 1896 406 2059 Divitias
432 1960 519 2040 alius
544 1961 635 2038 fulvo
664 1961 731 2037 sibi
760 1980 922 2061 congerat
947 1991 1031 2038 auro

274 2094 321 2167 Et
344 2110 457 2167 teneat
482 2090 562 2167 culti
586 2093 707 2192 iugera
732 2090 838 2167 multa
864 2089 947 2183 soli,

226 2225 339 2323 Quem
366 2222 468 2298 labor
495 2221 655 2298 assiduus
680 2223 793 2299 vicino
819 2241 943 2298 terreat
967 2220 1082 2313 hoste,

274 2357 401 2432 Martia
426 2354 482 2431 cui
509 2384 649 2431 somnos
676 2354 816 2432 classica
843 2356 942 2459 pulsa
967 2356 1106 2457 sugent:

209 2488 290 2561 5Me
313 2515 390 2562 mea
413 2503 598 2589 paupertas
624 2486 712 2560 vitae
736 2486 895 2561 traducat
918 2486 1036 2578 inerti,

282 2615 376 2688 Dum
399 2642 494 2689 meus
520 2615 660 2690 assiduo
686 2615 797 2689 luceat
821 2615 902 2712 igne
926 2615 1033 2689 focus.

232 2745 311 2847 Ipse
340 2772 450 2819 seram
477 2764 610 2829 teneras
638 2763 774 2821 maturo
801 2742 955 2846 'tempore
981 2744 1065 2817 vites

280 2874 443 2951 Rusticus
471 2894 504 2951 et
528 2875 621 2952 facili
651 2875 797 2976 grandia
825 2902 930 2978 poma
957 2899 1082 2947 manu:

232 3007 304 3081 Nec
329 3033 407 3108 spes
434 3004 612 3096 destituat,
640 3007 703 3081 sed
726 3007 866 3105 frugum
892 3030 1027 3105 semper
1053 3027 1190 3075 acervos

191 3154 230 3210 10
285 3135 452 3210 Praebeat
476 3153 509 3210 et
532 3135 635 3238 pleno
661 3135 805 3238 pinguia
829 3151 940 3209 musta
960 3131 1047 3207 lacu.

234 3265 321 3339 Nam
344 3293 507 3354 veneror,
533 3265 723 3367 serrsfipes
747 3264 851 3338 habet
877 3263 1030 3338 desertus
1055 3261 1093 3336 in
1120 3259 1212 3359 agris

287 3393 356 3467 Seu
377 3413 472 3470 vetus
498 3396 535 3470 in
560 3395 660 3470 trivio
685 3395 791 3471 florea
813 3413 901 3470 serta
926 3393 1034 3496 lapis:

264 3640 299 3696 V.
309 3644 337 3696 2
357 3643 465 3697 multa
490 3642 621 3712 Excerpta
640 3645 811 3711 spinam,
838 3650 866 3698 et
889 3642 1090 3699 rumorum
1113 3658 1215 3696 mecum

193 3737 406 3794 ahmam
428 3743 629 3808 communicata,
654 3758 734 3813 porto
751 3744 925 3797 Vmomma
947 3744 973 3796 in
993 3744 1100 3812 speculo
1119 3740 1217 3792 doctri-

194 3835 247 3888 nali
265 3842 293 3890 et
309 3837 457 3892 ihomas
475 3839 592 3893 Putachii
617 3846 645 3893 et
662 3841 787 3909 scioppii.
802 3868 838 3881 -
871 3841 994 3908 Plerique
1018 3837 1093 3891 codd.
1107 3850 1215 3905 magna,

194 3935 273 3987 ettam
290 3935 431 3990 Bromia
449 3936 529 4005 antiq.
543 3938 654 4007 exempl.
671 3966 706 3978 —
741 3939 775 3992 V.
783 3943 809 3991 6.
829 3939 971 3992 assiduo
987 3936 1104 4006 reposuit
1122 3933 1217 3987 iiten-

195 4046 308 4087 mnws
333 4049 374 4102 pr.
392 4034 492 4106 exiguo
515 4051 575 4089 cam
597 4037 705 4105 optimis
724 4036 798 4090 libris
820 4042 848 4090 et
871 4034 1054 4104 grammaticis.
1096 4032 1217 4087 offerunt

194 4127 263 4183 idem
284 4128 419 4202 Except·
441 4132 654 4190 brutianum.

911 4227 927 4291 l
