3009 4725
349 345 412 406 3⁸6
585 334 870 403 COMMENTAR.
891 336 937 402 ΙΝ
957 337 1132 402 TlBULLI

350 520 435 579 amat,
462 518 536 566 erant
559 518 647 565 autem
670 513 716 565 illa
738 513 842 566 aomina
868 515 893 566 in
919 511 1050 567 rhetorum
1075 512 1169 567 rollolis
1187 515 1369 568 celeberrima.

349 613 403 669 Sed
421 613 536 666 adulatio
554 613 633 666 nimie
658 613 795 667 manifesto
812 615 1014 684 deprehenditur
1032 631 1090 669 mox
1113 616 1139 667 in
1157 617 1214 668 loco
1232 607 1265 667 de
1285 618 1372 668 silen-

349 718 387 769 tio
405 730 491 767 rerum
513 721 638 779 natusne,
656 717 769 782 quodie
787 720 964 784 magistratum
984 719 1068 771 inierit
1086 717 1212 779 Messala,
1232 716 1276 781 qni
1294 716 1370 766 eius-

348 815 418 868 modi
437 822 477 868 cst
495 821 524 866 nt
542 815 672 883 Principi‚
690 815 763 867 orbis
780 823 907 869 terrarum
926 817 1087 884 imperatori,
1106 812 1260 866 celebrando
1278 813 1370 879 aptior

346 920 381 969 alt
398 932 476 984 quam
493 916 538 967 alii
562 915 621 968 duci
644 916 706 968 licet
731 917 855 982 egregio,
879 921 955 980 atque
980 916 1056 964 etiam
1080 912 1106 959 ln
1132 909 1256 972 Principis
1282 909 1366 960 lande

346 1018 408 1070 talia
427 1015 570 1068 adulatoria
588 1016 667 1069 dicas.
691 1016 769 1068 ·lllud
788 1017 823 1067 lbi
840 1016 897 1065 aliis
914 1025 1015 1076 quoqne
1032 1006 1169 1074 displicuit,
1183 1006 1252 1071 quod
1270 1006 1361 1073 ipsum

346 1118 433 1170 lovem
453 1117 586 1184 Optimum
606 1115 745 1169 Maximum
769 1111 802 1162 ad
826 1111 889 1160 ltaee
913 1122 988 1160 sacra
1012 1121 1047 1157 ex
1066 1106 1180 1171 Olympo
1199 1102 1365 1155 descendere
1470 1097 1471 1168 l

345 1219 408 1270 iacit
431 1223 520 1269 contra
546 1232 627 1269 usum.
663 1211 803 1264 Considera
821 1224 889 1262 nuuc
910 1222 988 1277 porro
1012 1221 1113 1259 meeum
1139 1203 1291 1270 sequentia,
1315 1202 1365 1254 ubi

344 1319 480 1371 delutum
499 1317 600 1369 militari
617 1315 698 1379 gloria
716 1314 847 1365 Memalae
865 1311 951 1376 agitur
968 1324 992 1360 r.
1010 1311 1062 1358 tet
1079 1321 1136 1371 sqq.
1172 1302 1271 1354 lterum
1289 1301 1360 1354 enlm

344 1417 457 1482 loquitur
474 1418 512 1467 sic
532 1413 564 1465 de
582 1411 631 1466 lsoc
651 1414 705 1463 ciro
731 1416 825 1478 poeta,
851 1413 881 1459 nt
906 1408 973 1458 alius
993 1405 1027 1457 de
1046 1405 1159 1456 Caesare
1176 1409 1222 1455 snt
1241 1403 1363 1467 Angusto
1470 1403 1471 1476 ζ

344 1516 415 1582 loqui
433 1517 575 1586 potuisset,
601 1515 644 1566 cui
668 1513 747 1565 totius
773 1512 875 1579 imperil
899 1511 991 1575 copiae
1013 1507 1149 1575 parebant.
1191 1503 1248 1556 Nec
1270 1504 1386 1560 Gallia-
1470 1573 1471 1580 ἵ

343 1631 391 1668 nec
417 1613 555 1682 Hispania,
583 1614 635 1677 ait,
662 1628 711 1665 nec
735 1610 824 1663 dirim
842 1615 870 1661 et
888 1613 1023 1675 Aegyptus
1045 1612 1073 1659 et
1090 1606 1153 1657 Asia
1174 1604 1207 1657 ad
1226 1605 1362 1662 Oceanum
1470 1621 1471 1684 p

343 1730 425 1782 usque
452 1714 556 1765 resistet
581 1711 726 1773 Messalae,
754 1710 828 1775 qnasi
858 1709 1015 1760 Octavianus
1043 1706 1175 1771 celerique
1200 1705 1256 1756 eius
1278 1704 1361 1757 duces
1470 1701 1471 1712 ³

342 1816 414 1868 nullo
432 1829 539 1866 numero
557 1814 625 1877 sint,
649 1809 696 1863 sed
715 1824 782 1861 unns
800 1808 886 1860 omnia
904 1812 1025 1873 gesturus
1042 1805 1076 1855 sit
1100 1803 1214 1856 Messala
1235 1802 1361 1868 solosque

342 1918 486 1970 domiturus
511 1915 607 1966 orbem.
651 1913 689 1964 Ac
708 1926 740 1963 ne
763 1908 802 1962 lta
820 1909 923 1977 quidem
946 1913 1080 1960 centenius
1104 1919 1183 1972 porro
1200 1915 1292 1955 sonans
1310 1917 1362 1954 an-

341 2016 446 2068 straiem
474 2013 546 2065 addit
576 2011 753 2081 praedicitque
783 1997 911 2061 illel'salae
942 2008 1018 2058 etium
1046 2003 1120 2056 huius
1148 2001 1357 2063 debellationem,

341 2118 420 2182 quale
441 2122 614 2167 commentum
633 2114 691 2178 quis
709 2113 776 2164 alius
794 2109 963 2179 proposuerit
981 2107 1028 2159 nisi
1053 2104 1149 2174 pariter
1173 2104 1275 2170 ineptus
1298 2103 1358 2166 laur

340 2212 438 2267 datori
473 2212 526 2263 llic
551 2218 637 2263 sutem
662 2217 691 2263 ut
709 2212 787 2275 longe
806 2208 910 2260 excedit
927 2205 1031 2257 niodum
1050 2205 1075 2256 in
1094 2201 1175 2256 iendis
1194 2202 1356 2264 tractatione,

341 2310 379 2364 lta
400 2311 477 2361 etiarn
495 2308 541 2360 nol
559 2310 584 2359 ln
602 2309 674 2360 exitu
696 2306 814 2360 carminis
832 2305 932 2371 penitus
950 2300 1082 2355 addictum
1101 2303 1229 2356 Messalae
1246 2317 1274 2353 se
1291 2317 1355 2368 pro-

339 2412 440 2471 fitetur,
459 2407 567 2458 ridiculo
585 2406 732 2462 adulatione
751 2408 851 2475 peccat.
888 2400 956 2453 Nom
974 2417 1000 2454 v·
1016 2404 1068 2454 193
1084 2416 1142 2468 sqq
1159 2400 1237 2457 dicits
1255 2400 1307 2451 Pto
1324 2408 1354 2449 is
1366 2400 1384 2431 ¹·

339 2506 383 2559 vel
395 2504 506 2574 rapidos
524 2507 614 2560 ausim
631 2507 713 2560 moria
728 2506 767 2555 ire
783 2516 831 2570 per
849 2500 945 2557 andos,
963 2500 1097 2555 Adversis
1109 2498 1221 2551 nibem
1231 2497 1297 2550 licet
1308 2496 1372 2548 tte-¹

338 2617 429 2661 menni
442 2606 532 2679 freta.
543 2610 637 2665 nemis,
653 2610 707 2658 Pro
727 2611 755 2653 ts
772 2600 814 2653 vsi
832 2602 921 2654 densis
937 2601 1012 2655 solus
1029 2601 1173 2655 wisuram
1190 2597 1360 2655 leronimi

336 2723 452 2775 pervum
473 2709 609 2761 Aetnaeae
628 2721 723 2772 corpus
743 2703 904 2756 committere
915 2704 1039 2773 flamma,
1057 2706 1085 2754 et
1101 2703 1128 2755 in
1145 2703 1206 2769 fine,
1224 2714 1274 2753 nott
1291 2701 1357 2753 salis

337 2803 434 2861 habens
459 2810 509 2861 iam
534 2812 592 2857 aste
616 2818 664 2871 per
688 2808 771 2855 totam
794 2801 859 2856 hauc
883 2803 962 2857 vitam
976 2818 1010 2857 se
1033 2816 1198 2854 consecrasse
1215 2798 1356 2865 Masatos,

337 2913 365 2961 et
390 2910 482 2963 ltemm
507 2907 650 2970 iterumque
674 2904 825 2972 promisisse
851 2904 953 2957 laudern
977 2908 1005 2956 ot
1028 2902 1141 2955 carmina
1166 2917 1229 2967 sua,
1259 2910 1285 2952 r.
1304 2902 1350 2951 11.
1396 2894 1403 2903 ’

335 3009 372 3060 24
390 3021 455 3072 sqq,
475 3006 536 3057 191.
556 3004 620 3057 20³.
645 3001 678 3054 ad
702 2998 850 3065 fastidium,
877 3000 989 3069 deniqne
1012 3015 1045 3054 eo
1070 3014 1153 3067 nsque
1175 2997 1295 3069 prossffit
1310 3002 1378 3064 ug·

337 3107 413 3158 etiam
438 3102 481 3154 ubl
505 3109 565 3169 post
581 3109 691 3155 mortem
708 3119 743 3154 ex
763 3100 919 3168 migratione
936 3102 1021 3154 anima
1037 3102 1064 3154 ln
1083 3099 1219 3153 hnmanasn
1233 3103 1356 3151 nstrum

335 3202 455 3264 redierit,
483 3205 632 3255 continuare
657 3204 720 3255 velit
745 3204 863 3270 inceptas
888 3198 986 3255 laudes.
1024 3201 1073 3253 Cei
1099 3214 1198 3268 quaeso
1221 3197 1264 3248 alil
1288 3196 1357 3249 tolla

335 3309 459 3353 renerent
479 3304 505 3354 in
524 3302 656 3355 montensi
693 3304 780 3369 Atque
800 3301 865 3354 llaec
882 3301 987 3369 quidem
1007 3298 1266 3353 mareoticae-
1282 3292 1355 3347 Τοῖ-

334 3401 372 3452 1ἱο
398 3400 457 3453 loeo
485 3404 536 3455 alia
564 3404 709 3470 colligimus
736 3400 940 3472 reprehensione
966 3401 1053 3467 digus.
1098 3396 1171 3451 Talls
1196 3388 1355 3449 euterius

331 3514 398 3549 usus
416 3498 569 3560 doetrinae,
592 3509 623 3554 ot
646 3502 715 3569 quod
735 3519 758 3555 v.
777 3508 795 3555 o
813 3518 869 3570 sqq.
895 3502 960 3555 deos
986 3512 1066 3569 parva
1090 3510 1198 3551 munera
1220 3504 1349 3562 tcaput·

333 3597 411 3664 longe
424 3595 512 3664 petitis
529 3599 657 3665 exemplis
676 3598 858 3665 mythologicis
878 3599 987 3666 probat,
1005 3595 1075 3663 quod
1092 3611 1136 3649 or.
1151 3598 1195 3647 11.
1212 3596 1259 3647 81).
1275 3591 1354 3642 lits:

331 3696 467 3751 doctorum
485 3696 568 3763 tangit
587 3693 621 3749 de
639 3698 770 3749 erroribus
786 3698 903 3763 Ulyssis,
923 3702 1010 3748 utrum
1030 3693 1138 3765 inmari
1156 3689 1353 3747 meditamine

332 3810 365 3849 an
390 3798 415 3848 lu
441 3796 549 3850 Oceano
572 3795 703 3850 aumttco
728 3794 839 3859 tuerint,
868 3794 938 3860 quod
957 3809 981 3845 v.
1001 3794 1063 3845 1111.
1077 3790 1223 3858 eyquaa
1241 3787 1355 3854 sparte-

331 3908 391 3945 nom
411 3898 596 3946 commemorat
618 3892 663 3944 ubi
686 3907 736 3945 nou
763 3892 918 3959 summ,
945 3889 1059 3956 dentque
1082 3885 1152 3953 quod
1174 3880 1374 3953 digressiones-

330 3990 395 4043 duas
419 3991 549 4058 longiores
572 3989 681 4042 adscivit
705 3994 811 4040 ornatus
837 3976 906 4045 Μ
926 3986 1024 4041 studim
1060 3983 1128 4049 Nam
1144 3980 1356 4037 quantominus

330 4088 407 4141 etiam
425 4089 450 4140 iu
468 4093 551 4145 altero
566 4087 631 4141 orbe
650 4087 780 4141 celebrem
798 4083 862 4139 elisit
877 4085 1009 4149 intumum
1024 4082 1087 4141 dats
1103 4096 1186 4150 opere
1202 4083 1290 4131 toton
1303 4076 1355 4153 lo·
