3009 4725
310 473 346 512 cr.
719 452 777 512 DE
802 446 924 515 POESI

396 620 494 685 Flava
515 616 629 697 Ceres,
651 619 708 682 tibi
731 621 770 683 sit
795 634 904 684 nostro
926 620 966 685 de
986 641 1061 685 rure
1084 645 1200 687 corona

441 733 569 815 Spicea,
599 753 681 817 quae
703 735 811 815 templi
834 732 970 816 pendeat
993 747 1064 797 ante
1087 736 1189 798 fores:

397 846 603 929 Pomosisque
625 847 723 908 ruber
744 860 848 910 custos
867 860 1007 931 ponatur
1029 848 1063 910 in
1084 850 1200 926 hortis,

439 958 573 1020 Terreat
591 972 627 1020 ut
648 979 741 1021 saeva
763 961 842 1023 falce
862 963 996 1044 Priapus
1024 981 1108 1025 aves.

395 1072 462 1135 Vos
485 1093 629 1154 quoquc,
657 1072 756 1136 felicis
779 1072 940 1158 quondam
962 1096 1047 1137 nrtnc
1068 1074 1218 1157 pauperis
1239 1071 1304 1153 agri

439 1183 610 1263 Custodes,
641 1186 729 1249 fertis
751 1208 884 1255 munera
904 1201 1025 1268 vestra,
1050 1188 1160 1252 Lares.

312 1296 368 1366 ubi
400 1294 488 1362 vides
518 1297 603 1360 inter
632 1298 755 1362 Cereris
788 1313 820 1363 et
848 1301 979 1364 Larium
1012 1300 1224 1383 apostrophen
1256 1297 1335 1360 alitis

311 1411 432 1473 formae
460 1411 614 1475 distichon
642 1399 789 1495 positum.
837 1415 884 1480 Ac
911 1419 1006 1497 vulgo
1035 1414 1074 1477 od
1101 1431 1257 1477 summum
1286 1412 1335 1475 bis

311 1523 448 1590 admittit
467 1525 548 1587 banc
569 1525 699 1607 figuram
718 1530 878 1608 continuo,
904 1549 998 1612 quam
1013 1525 1191 1611 Lygdamus
1212 1537 1336 1609 quattor

311 1638 435 1720 repetiit
463 1639 524 1716 ttt,
547 1644 583 1717 6,
603 1641 671 1702 init.
700 1652 810 1703 contra
837 1643 921 1704 Albii
948 1662 1078 1704 morem.
1128 1637 1223 1720 Apud
1250 1638 1337 1700 hunc

312 1764 360 1813 ter
381 1772 417 1814 ea
442 1753 540 1813 utitur
562 1751 683 1835 Sibylla
705 1756 878 1817 vaticinans
902 1754 947 1832 ll,
970 1763 1006 1833 5,
1026 1759 1064 1816 51
1089 1774 1159 1838 sqq.
1185 1752 1336 1816 invitante

312 1866 382 1947 ipso
399 1867 453 1928 tali
469 1864 622 1929 viridiore
639 1879 726 1929 motu
746 1867 852 1930 animi.
892 1869 931 1930 ln
948 1870 1036 1932 exitu
1054 1867 1199 1931 carminis
1216 1865 1339 1949 septimi

311 1979 386 2044 libri
407 1977 502 2061 primi
525 1979 581 2043 ubi
607 1981 706 2044 multa
735 1995 949 2060 coarctantur,
981 1997 1087 2046 tamen
1114 1981 1244 2046 variatio
1270 1998 1337 2039 non

313 2089 410 2153 deest.
459 2089 542 2156 Nam
563 2107 732 2177 postquam
753 2091 861 2160 Osirin
881 2096 1021 2171 vocavit,
1046 2094 1085 2157 ad
1105 2093 1198 2155 Genii
1218 2091 1337 2158 allocu-

311 2205 430 2269 tionem
448 2224 514 2269 non
532 2206 693 2283 conunuo,
714 2201 771 2275 scd
787 2207 949 2270 interiecto
968 2208 1047 2268 alius
1065 2206 1184 2268 formae
1203 2202 1335 2265 disticho

311 2317 439 2397 transit3
463 2317 537 2383 inde
560 2312 600 2385 ad
614 2317 783 2387 Messalam
799 2339 836 2380 ec
857 2320 1028 2396 convertit,
1051 2314 1134 2380 unde
1156 2317 1189 2381 in
1211 2314 1273 2379 fine
1295 2312 1337 2377 ad

314 2432 450 2499 Genium
466 2431 558 2501 redit.
600 2421 664 2502 Sed
680 2431 760 2497 nihil
777 2426 967 2503 luculontiut
983 2433 1016 2496 in
1034 2433 1095 2497 hoc
1114 2452 1228 2512 genere
1244 2431 1337 2491 initio

315 2546 391 2626 eleg.
412 2546 505 2628 prim.
527 2546 602 2610 libri
624 2543 771 2625 secundi,
799 2542 885 2611 unde
912 2543 1011 2610 discas
1040 2559 1076 2608 ut
1102 2546 1196 2606 otiam
1221 2543 1257 2604 in
1282 2543 1339 2604 tali

313 2660 383 2722 loco
413 2672 507 2743 poeta
535 2659 703 2727 variaverit
731 2657 856 2724 dicendi
884 2660 1018 2736 formas,
1054 2658 1110 2723 ubi
1136 2660 1254 2741 ubique
1282 2678 1339 2718 ex·

314 2788 433 2855 spectes
463 2771 630 2840 secundam
660 2794 840 2855 personam.
889 2774 935 2835 Ac
964 2774 1100 2855 primum
1129 2780 1212 2835 recte
1236 2770 1339 2833 Lach-

314 2910 449 2951 mannus
471 2890 562 2951 initio
585 2887 710 2949 eiecisse
729 2884 857 2950 videtur
876 2886 1087 2949 coniecturam
1103 2885 1235 2949 Dousae
1256 2884 1339 2968 Quis-

315 3007 378 3086 quis
403 3003 492 3079 ades,
514 3000 637 3082 suessam
669 2998 825 3062 secundae
852 3020 1006 3080 personae
1033 3000 1097 3063 vim
1119 2998 1263 3063 Tibullus
1290 3018 1339 3059 se·

316 3117 426 3198 quenti
447 3114 579 3178 disticho
600 3115 789 3189 reservavit,
816 3113 874 3176 ubi
894 3109 937 3175 dii
960 3128 1122 3178 vocantur.
1164 3113 1247 3176 Hinc
1267 3109 1338 3172 vide

316 3243 351 3293 ut
372 3232 509 3312 primmn
529 3227 635 3291 denuo
654 3228 744 3290 tertia
764 3247 899 3310 persona
922 3250 951 3290 v.
964 3234 993 3290 5.
1009 3233 1039 3290 6.
1058 3224 1212 3289 succedat.
1254 3224 1338 3285 Tum

315 3344 488 3427 alloquitur
510 3345 633 3425 singula
653 3364 768 3423 genera
790 3346 956 3423 agrestium
982 3366 1011 3406 v.
1024 3353 1071 3421 7.,
1096 3347 1209 3421 v.11.,
1241 3342 1340 3403 inter·

315 3460 405 3542 ponit
426 3479 502 3520 vero
526 3461 619 3520 etiam
646 3458 697 3519 bic
720 3459 848 3518 alteram
871 3456 1003 3518 formam
1024 3455 1208 3519 indirectam
1231 3454 1340 3516 tertiae

316 3590 470 3653 personae
492 3591 522 3632 v.
536 3574 600 3645 11.,
622 3566 781 3632 reductam
803 3591 822 3630 n
842 3569 1064 3647 Lachmanno,
1089 3590 1160 3630 cum
1183 3578 1341 3628 correcto·

315 3706 388 3747 rum
408 3685 491 3747 mala
516 3680 664 3744 sedulitas
688 3681 857 3745 secundam
877 3685 1041 3746 intulisset.
1084 3679 1136 3743 Sic
1161 3679 1270 3743 finitur
1291 3678 1341 3739 in-

315 3799 439 3861 troitus.
483 3794 635 3880 Sequitur
655 3818 705 3858 res
726 3796 848 3873 divina,
878 3799 934 3859 ubi
954 3807 1047 3878 poeta
1070 3793 1209 3879 primum
1232 3811 1342 3855 omncs

317 3926 454 3991 agrestes
486 3921 666 3993 praesentes
699 3910 889 3991 alloquitur,
933 3931 1012 3992 quos
1046 3898 1118 3972 ant'o
1147 3930 1206 3992 per
1237 3920 1343 3988 partes

318 4028 472 4089 allocutus
498 4038 582 4101 erat,
613 4037 677 4085 tum
703 4043 811 4104 preces
838 4022 913 4084 lacit
937 4022 975 4085 ad
1001 4022 1087 4086 deos.
1136 4023 1239 4103 Atque
1264 4020 1342 4082 haec

317 4141 478 4201 hactenus.
520 4138 592 4196 lure
610 4134 758 4199 iudicavit
774 4136 918 4198 Tibullus
939 4156 1004 4213 nqn
1022 4134 1145 4213 augeri,
1167 4132 1223 4196 sed
1240 4133 1343 4215 frangi
