3009 4725
338 424 419 468 euxu
753 401 810 466 DE
833 398 953 466 Portet

404 574 575 658 Postquam
600 572 640 636 de
661 573 828 636 schematis
849 571 1038 656 (sitibundam
1066 574 1228 656 patirstieis
1254 574 1364 659 impsi-

339 689 461 770 misque
483 686 521 750 de
543 686 740 768 repetitionis
761 685 868 767 figuris
890 687 1096 770 explicuimus
1114 690 1148 750 ia
1165 688 1272 768 vigore
1290 709 1363 751 ora-

338 799 433 864 tionis
458 799 602 879 augendo
629 801 709 864 tanti
732 801 899 878 momenti,
928 822 1013 865 nuno
1034 803 1127 864 etiem
1148 800 1187 865 de
1208 806 1362 865 oanbtbas

338 914 491 977 orationis
510 911 728 997 quaerendum
750 913 852 994 dicas,
882 935 963 998 quae
984 927 1017 978 et
1036 915 1105 999 ipsa
1126 918 1167 979 ab
1189 916 1249 979 alia
1270 927 1360 1008 parte

336 1028 422 1090 huno
445 1027 584 1110 vigerem
606 1041 771 1105 sustentat,
797 1050 854 1092 aec
874 1028 948 1092 sinit
967 1032 1169 1111 languescere
1189 1031 1360 1093 uerborum
1491 1093 1492 1110 χ

338 1163 476 1208 cursum.
518 1143 640 1226 Nempe
662 1145 795 1210 variatio
817 1145 910 1207 etiam
932 1157 1078 1208 ornatum
1102 1165 1248 1226 magnum
1268 1144 1362 1207 effert
1491 1151 1492 1182 i

336 1259 491 1337 orationi,
519 1270 555 1320 ut
576 1268 714 1336 constet,
738 1258 793 1321 ubi
816 1255 987 1323 studiosius
1008 1272 1178 1339 motatur,
1201 1281 1237 1321 ec
1258 1269 1361 1342 potest

336 1372 441 1436 multis
470 1368 572 1436 modis
599 1372 714 1435 variari
743 1372 864 1453 orsti03
895 1372 982 1456 apud
1000 1374 1163 1437 Tibullum
1184 1392 1261 1436 vero
1283 1371 1359 1435 eim·

336 1487 449 1568 plieior
474 1500 536 1565 est,
566 1498 597 1550 et
620 1487 675 1551 ubi
702 1485 887 1568 adhibetur,
918 1491 1022 1552 miuus
1047 1499 1177 1552 ornatus
1201 1497 1360 1568 spectatur

338 1622 432 1683 quam
459 1603 506 1666 vis
534 1615 566 1664 et
594 1601 735 1668 alacritas
763 1604 926 1668 orationis.
975 1604 1080 1686 Atque
1101 1614 1136 1665 ut
1157 1601 1298 1684 primum
1318 1598 1359 1662 de

335 1714 464 1794 singulis
490 1713 628 1778 distichis
654 1713 773 1794 dicam,
804 1737 876 1779 stem
899 1715 934 1778 in
955 1716 1005 1780 his
1028 1737 1142 1798 magna
1165 1715 1359 1779 concinnitas

335 1827 551 1890 membrorum
574 1840 683 1909 regnet
704 1826 790 1912 apud
811 1828 994 1907 Tibullum,
1022 1849 1098 1893 raro
1121 1829 1262 1893 venante
1286 1847 1358 1891 ors-

334 1942 397 2020 tio‚
426 1944 482 2005 ubi
504 1957 608 2006 autem
628 1944 679 2023 fit,
707 1944 810 2009 levior
831 1957 878 2009 est
899 1945 1048 2019 mutatio,
1078 1945 1146 2007 talis
1166 1955 1271 2005 tamen
1293 1962 1357 2024 qua

335 2057 383 2118 vis
405 2070 461 2119 aut
481 2056 663 2137 magnitudo
685 2058 768 2122 iusta
788 2060 900 2123 ultimo
922 2060 1063 2122 membro
1082 2058 1233 2119 afferatur
1252 2066 1281 2116 et
1299 2054 1354 2116 vix

333 2172 431 2233 semel
450 2168 671 2234 detrimentum
688 2171 806 2255 ceperit
824 2172 1026 2237 concinnius.
1056 2166 1137 2231 Vide
1156 2167 1242 2230 locos
1258 2166 1355 2249 ipses.

333 2285 366 2365 l,
386 2287 425 2362 2,
447 2289 488 2346 32
498 2295 512 2348 s‘
1259 2319 1264 2330 ι

417 2396 492 2461 Nan
514 2396 593 2459 mint
614 2395 706 2479 pigra
725 2407 840 2459 nocent
863 2397 1014 2457 hibernas
1035 2393 1153 2474 frigam
1176 2389 1294 2471 noctis,

361 2538 367 2553 ·
461 2509 536 2573 Non
557 2509 653 2589 arilei,
683 2530 753 2572 cum
775 2508 874 2571 multa
896 2503 1011 2571 decidit
1030 2506 1132 2570 imber
1153 2527 1247 2592 aqua.

331 2627 363 2703 l,
387 2633 424 2704 9,
449 2626 524 2687 14:⁸
1303 2678 1306 2685 .

415 2740 481 2801 lam
505 2740 582 2802 mihi
606 2740 766 2821 persolvet
789 2756 923 2819 poenas,
952 2732 1120 2819 pulvisque
1143 2730 1287 2797 decorem

460 2852 613 2915 Detrahet
634 2864 667 2913 et
689 2852 790 2913 ventis
813 2847 942 2912 horride
965 2848 1046 2910 fecte
1067 2866 1169 2910 eume.

437 3016 439 3023 .
499 2962 565 3049 (pr.
584 2978 615 3029 et
635 2963 723 3031 venti
742 2959 904 3024 horridam
926 2979 1006 3023 com.
1021 2954 1197 3042 iacientes.)

330 3078 363 3153 l,
386 3082 424 3159 3,
449 3083 506 3142 172

415 3193 480 3254 Aut
502 3210 559 3270 ego
581 3209 651 3253 sum
673 3200 817 3251 causatus
842 3204 915 3251 eves
936 3199 992 3250 aut
1012 3185 1125 3250 omina·
1140 3183 1224 3264 dim,
1253 3253 1264 3274 x

457 3304 587 3367 Saturni
608 3314 662 3366 aut
682 3323 802 3365 sacram
824 3323 875 3365 me
896 3303 1033 3363 tenttisse
1054 3299 1147 3362 diem.

329 3416 376 3496 ll,
398 3422 437 3495 5,
460 3426 520 3484 712
741 3488 744 3497 .
1003 3416 1007 3427 ’

413 3529 482 3591 Hae
503 3531 573 3593 fore
596 3529 745 3593 dixerunt
765 3529 849 3591 belli
861 3530 943 3591 mala
964 3529 1052 3609 signs
1073 3533 1231 3598 cometen,

454 3641 578 3705 Multus
598 3656 635 3706 ut
657 3644 693 3705 in
715 3656 815 3706 terras
836 3640 1063 3725 deplueretque
1084 3635 1175 3718 lapis.

476 3750 578 3840 (Alias
598 3756 786 3821 mutationes
804 3752 975 3820 modorum
994 3770 1060 3815 non
1081 3742 1203 3831 habe.)
1294 3752 1298 3763 '

328 3867 360 3945 1,
381 3869 420 3948 t,
443 3872 504 3934 11:

413 3982 473 4045 Hic
493 3981 604 4062 placet,
624 3976 765 4061 angustis
777 3978 864 4064 quod
878 4000 999 4064 equum
1020 3972 1187 4057 compescit
1204 3968 1352 4034 habenisz

457 4095 516 4157 Hic
537 4092 692 4177 placidum
714 4091 808 4162 niveo
829 4106 956 4176 pectore
978 4091 1067 4174 pellit
1088 4106 1223 4173 aquam
