3009 4725
337 323 398 380 ³20
568 316 854 385 COMMENTAR.
875 324 921 384 IN
943 325 1115 390 TIBULLI
1211 323 1222 352 ⁸

335 489 416 545 cretio
437 495 498 543 tune
517 490 595 543 eiiam
613 489 641 542 in
661 492 757 544 eetevia
774 492 892 561 partibor
908 492 1015 549 chartea
1033 499 1055 551 ai
1076 500 1136 566 qnid
1155 504 1243 570 arperi
1260 503 1356 574 depre-

335 591 510 656 hendebatur,
538 590 704 657 laevigabat,
730 598 869 661 antequam
892 596 1091 651 convolveretur
1112 599 1179 652 iiber
1201 608 1229 654 et
1255 604 1357 672 reiiqua

336 694 487 743 ornamenta
509 688 652 757 acciperet.
686 688 768 742 Patet
785 704 848 743 vcro
866 691 1026 760 probandum
1048 696 1197 763 painrcriam
1220 702 1356 755 coniecta-

335 805 392 843 ram
403 788 556 842 floreum
571 803 674 857 puniar
691 788 745 843 eui.
780 790 903 845 Ceterum
921 792 991 845 coni.
1007 792 1130 847 cnr-nnn.
1148 794 1170 858 1,
1187 797 1213 848 2.
1230 822 1268 834 —
1284 798 1354 851 Per.

335 888 390 954 git:
414 894 443 937 et
469 885 570 956 littero
583 885 671 956 secto
685 898 835 956 praetexat
852 905 957 966 remma
973 887 1098 959 fastigia
1114 889 1236 943 chartae.
1270 894 1352 948 Har-

334 999 399 1038 rernv
417 984 443 1039 iu
461 967 580 1039 extrema
604 1001 653 1040 ora
676 988 841 1046 membranae
864 987 989 1055 rcriptam
1013 986 1116 1041 titutum
1141 997 1239 1045 munet
1276 993 1350 1048 Maio

335 1097 476 1137 varocum
494 1085 678 1137 Seavunrro
693 1088 721 1134 et
738 1083 759 1136 1.
775 1080 810 1134 ii.
828 1083 925 1136 Voae1o
942 1079 1094 1138 aebeduiura
1110 1086 1257 1154 inteiiigere
1274 1104 1354 1157 prae-

335 1181 414 1235 irem
439 1197 502 1235 orae
526 1159 631 1235 cbartae
652 1192 815 1247 papyraceac
836 1178 988 1246 inscriptam
1010 1180 1112 1235 iiteriea
1138 1182 1270 1250 Lygdami
1289 1184 1355 1238 Eic-

333 1281 410 1348 giae,
434 1286 464 1333 ut
481 1278 530 1331 boc
549 1291 644 1344 ponem
661 1290 772 1340 nomen,
798 1290 860 1329 nam
878 1275 949 1327 eliud
967 1275 1016 1329 init
1034 1285 1139 1347 poetee.
1174 1280 1253 1333 cont.
1270 1283 1353 1338 Οτι».

333 1376 419 1447 Epist
438 1391 471 1429 ex
488 1375 575 1428 Ponto
592 1373 641 1439 lv,
660 1375 704 1438 1³,
721 1376 739 1425 i
747 1390 756 1424 ε
778 1372 845 1439 -Ipca
862 1387 968 1442 quoque
991 1380 1024 1423 ut
1047 1374 1161 1427 cborroe
1184 1375 1295 1429 titulum
1320 1377 1353 1428 de

328 1473 426 1545 fronte
450 1471 579 1529 revellor,
608 1470 689 1542 Quod
710 1470 750 1522 av't
775 1487 843 1539 epus
866 1469 959 1523 videor
983 1470 1068 1525 dicere
1087 1492 1166 1544 poree
1189 1485 1276 1531 tuum.
1311 1478 1352 1531 De

334 1574 428 1628 eodem
445 1570 631 1640 intelligerint
648 1577 689 1625 eat
707 1571 852 1626 virumn.
870 1570 919 1636 111,
934 1575 962 1638 2,
982 1575 1026 1626 11.
1043 1574 1127 1631 0v1n.
1144 1575 1225 1629 Triat.
1241 1576 1264 1642 1,
1282 1580 1306 1640 1,
1325 1582 1352 1631 i.

334 1673 387 1725 iiie
405 1674 497 1726 tituiur
517 1672 598 1726 minio
614 1673 729 1741 aeriptur
754 1672 887 1726 eminebet
911 1672 979 1725 libro
1003 1673 1030 1725 in
1054 1689 1133 1743 capua
1155 1674 1269 1731 condito.
1302 1675 1353 1730 Eut

334 1777 423 1825 autem
452 1777 642 1840 praetexat
667 1772 708 1824 aie
732 1771 860 1841 potitum,
889 1775 919 1823 ut
945 1770 1224 1838 Vrve.ten.i'1,⁴=
1256 1772 1353 1826 littore

336 1887 435 1922 curvae
457 1878 626 1939 praetexunt
648 1885 762 1938 puppes.
799 1871 885 1934 Atque
902 1865 967 1920 baec
985 1866 1019 1921 de
1036 1868 1084 1924 iiie.
1119 1870 1203 1923 Porro
1220 1870 1287 1924 divit
1303 1878 1354 1924 tc·

337 1968 416 2021 uuir
432 1967 588 2035 ebartce,
614 1985 673 2022 cum
691 1970 748 2021 iaua
767 1975 839 2021 erret
855 1971 881 2021 iu
899 1968 1025 2021 tenuitate
1041 1977 1069 2022 et
1085 1972 1222 2024 munitate
1237 1969 1351 2025 ebnrtae.

335 2067 402 2122 bion
419 2070 548 2123 iittera
565 2070 661 2123 iceta
678 2076 720 2122 eet
736 2069 846 2139 scripta,
862 2075 969 2124 notante
983 2069 1181 2124 Brouounueuo
1198 2078 1225 2125 et
1243 2071 1350 2126 vrum

336 2168 505 2237 Hamoque
529 2175 558 2222 et
582 2169 706 2234 Brenno,
730 2167 777 2221 red
801 2167 918 2220 innuitur
934 2167 1011 2220 simui
1029 2184 1072 2222 eru
1089 2174 1118 2222 et
1134 2169 1266 2237 diiigentia
1283 2169 1352 2221 reri-

337 2270 439 2334 ptume.
476 2266 518 2318 ci.
537 2266 621 2320 Ovrn.
639 2264 750 2318 floreia.
769 2266 802 2332 V,
816 2267 842 2318 2.
870 2263 981 2318 Bonan.
999 2265 1057 2318 Sat.
1074 2267 1096 2334 1,
1115 2272 1159 2334 lo,
1177 2272 1223 2321 bii.
1252 2268 1351 2321 onear.

336 2367 444 2420 Quamt
469 2362 550 2418 Aead.
567 2364 616 2430 lv,
632 2368 659 2417 2.
696 2365 816 2432 benique
841 2364 876 2418 de
900 2364 1073 2419 eoiioeatione
1097 2366 1189 2422 boram
1212 2367 1350 2421 verbonrm

336 2470 397 2530 poet
414 2469 449 2516 ut
466 2462 501 2516 ci.
519 2461 553 2515 ad
571 2462 594 2529 1,
612 2466 637 2527 1,
656 2466 700 2515 18.
719 2467 747 2526 b,
770 2466 814 2515 lii.
849 2461 989 2517 Poatremo
1007 2472 1095 2519 tuum
1112 2481 1201 2519 verum
1219 2464 1351 2531 hebenus,

336 2569 366 2616 nt
393 2564 487 2618 vidirti
535 2565 730 2617 Laenaanrua
759 2569 850 2616 noster
875 2561 946 2630 qood
975 2565 1087 2619 coniecit
1109 2583 1195 2636 puer,
1222 2566 1353 2635 diapiicct.

336 2661 396 2714 Non
422 2662 489 2716 bene
516 2659 566 2715 boc
593 2677 688 2716 nomen
712 2661 781 2715 inter
804 2660 885 2715 brec:
912 2662 1071 2718 invoivat
1096 2666 1289 2720 membrana
1313 2692 1351 2706 «-

336 2761 526 2828 pingantur
551 2776 681 2815 cornua
707 2763 881 2831 interponitur
906 2777 955 2816 nee
980 2779 1028 2833 per
1053 2779 1083 2818 ee
1106 2764 1148 2820 bic
1173 2771 1351 2836 exspectetur.

334 2858 466 2926 Poeticae:
473 2861 596 2914 orroeon
608 2862 739 2928 elegantia
756 2864 887 2931 portuiatz
900 2880 1002 2934 pumex
1020 2864 1140 2924 tondeat,
1157 2865 1251 2918 littere
1265 2883 1352 2936 prae-

335 2964 429 3016 texat,
453 2973 519 3012 aonr
547 2974 613 3027 puer
631 2965 831 3027 praetaxnt-
861 2962 894 3015 V.
916 2965 1007 3029 lbaq.
1042 2963 1151 3032 atqua
1174 2965 1268 3018 inter
1294 2980 1352 3032 ge·

334 3059 441 3111 minna
466 3065 517 3114 ete.
553 3058 696 3114 Extremae
720 3076 784 3114 orae
807 3061 944 3115 voluminis
966 3063 1094 3132 impurior
1112 3070 1168 3116 erat
1184 3063 1292 3117 beciiiua
1308 3069 1353 3116 tc·

335 3169 393 3219 rea,
420 3158 463 3209 cui
491 3159 611 3212 voinmen
638 3161 904 3241 circumvolveretur,
932 3163 1000 3217 unde
1027 3164 1164 3217 umbiiicue
1190 3164 1276 3218 dictur
1300 3170 1351 3217 aet

335 3251 422 3307 Huius
449 3264 536 3324 parter
561 3264 695 3312 extremae
722 3266 855 3314 enatantes
881 3262 1011 3331 utrimque
1036 3263 1106 3316 inter
1129 3278 1189 3317 orae
1215 3263 1351 3315 voiunriaia

336 3356 398 3401 runt
414 3368 519 3421 cornua,
537 3371 610 3421 rure,
628 3363 739 3424 argento
757 3365 804 3411 eut
821 3358 901 3411 ebore
920 3361 1007 3413 ornari
1025 3362 1103 3414 noiita
1120 3368 1166 3414 aut
1182 3361 1254 3430 pingi
1271 3360 1349 3413 varie

336 3446 418 3499 Ovin.
441 3449 563 3520 Tristi,
582 3459 608 3521 i,
633 3460 665 3508 82
700 3455 818 3507 madida
844 3475 892 3508 mee
915 3457 996 3530 nigra
1020 3476 1122 3511 cornua
1142 3459 1239 3530 fronte
1262 3474 1353 3529 geror-

336 3545 455 3612 Denique
472 3548 608 3606 frontes
633 3555 789 3610 dicebantur
805 3573 869 3611 orae
887 3558 1008 3627 chame,
1036 3568 1066 3614 ut
1083 3563 1166 3616 Ovrn.
1182 3562 1264 3614 'rnre
1286 3562 1306 3626 i,
1327 3560 1352 3624 l,

336 3650 381 3700 11.
400 3646 459 3701 ioco
476 3663 555 3717 cupra
573 3651 661 3720 aliato,
679 3657 713 3710 oi.
732 3659 854 3712 Versum
872 3658 906 3711 ed
923 3660 1019 3714 Cetuii.
1037 3679 1063 3729 p.
1077 3665 1123 3713 bl.
1141 3668 1169 3713 et
1186 3662 1351 3715 Servare-u.

335 3747 361 3799 in
382 3746 493 3803 Dieeert
512 3750 558 3803 ait.
577 3752 602 3817 s.
622 3756 665 3806 li.
699 3754 773 3809 inter
792 3756 838 3811 bar
862 3757 994 3825 utrimque
1018 3761 1168 3827 prominent
1192 3772 1297 3813 cornua.
1315 3781 1352 3796 -·

335 3848 397 3901 Sic
420 3853 564 3917 etenim,
592 3852 747 3909 observante
772 3856 964 3921 Liciniano,
990 3865 1095 3925 praeter
1120 3858 1217 3912 Tibuiii
1244 3869 1352 3919 morem,

335 3946 380 4011 qni
400 3946 525 4003 diximtr
553 3950 620 4004 Nam
640 3954 686 4006 ric
723 3954 828 4008 Ciaudit
846 3970 909 4007 vero
932 3960 1010 4023 poeta
1028 3953 1078 4009 boc
1096 3955 1177 4009 modo
1196 3952 1353 4022 amatorio-

334 4061 394 4101 nem
412 4053 586 4120 properium,
603 4053 629 4106 in
647 4070 699 4122 qao
718 4070 770 4111 non
788 4061 829 4110 eat
846 4054 917 4121 quod
935 4054 1088 4124 reprebendi
1106 4057 1198 4125 poerit.
