3009 4725
337 443 406 486 xxx
757 415 813 478 DE
835 415 937 480 VITA

336 593 567 666 incommodus
587 612 670 670 esse,
696 612 781 675 quae
801 596 881 656 liena
903 590 1008 673 posita
1025 591 1060 654 in
1078 590 1191 656 tradita
1210 594 1352 658 motione.

336 716 483 782 Getarum
498 713 591 777 stiam
610 712 813 793 Ayrmannus
834 707 909 772 olim
929 713 1010 772 cessit
1029 709 1220 789 reponebat,
1236 709 1353 774 intelli.
1480 745 1485 758 .

336 853 419 919 gens
434 852 510 896 ann.
531 830 602 894 urb.
622 846 649 888 c.
672 831 746 894 toi.
770 825 828 888 ubi
848 799 1056 888 ejotaudiua
1074 825 1244 890 Marcellam
1263 837 1295 886 et
1314 824 1353 888 L.

337 945 502 1011 eomatso
532 939 686 1008 Lentulus
718 935 809 1000 (loss.
841 936 1115 1021 appmpinquante
1147 938 1282 1004 Caesare
1313 958 1355 1002 ex

336 1063 415 1124 urba
436 1068 469 1120 at
488 1055 579 1124 Italia
598 1073 671 1122 cum
689 1051 840 1135 Pompelo
862 1065 1038 1135 cesserunt3
1068 1051 1124 1118 sed
1144 1055 1229 1118 hune
1250 1052 1354 1136 spott-

335 1174 408 1240 nius
426 1168 577 1254 salutavit
596 1179 628 1234 at
646 1166 822 1238 samaias.
875 1164 975 1230 Vides
994 1185 1090 1252 quam
1114 1172 1295 1250 ambiguum
1314 1169 1353 1233 att

335 1308 366 1352 v.
383 1290 474 1354 cesa&
514 1278 639 1346 Deinde
657 1278 799 1358 ossele,
818 1294 852 1348 ut
871 1281 1015 1348 ostendat
1036 1287 1076 1350 ab
1088 1285 1214 1350 Tibullo
1228 1281 1353 1368 Lygda-

336 1419 425 1466 mum
445 1416 647 1480 notassem,
671 1398 787 1462 multos
807 1399 893 1464 locos
921 1400 1060 1478 confort,
1090 1420 1226 1483 quorum
1243 1399 1353 1466 'onom

338 1513 519 1596 exemplam
539 1527 707 1593 apponam.
748 1512 835 1578 Diels
853 1513 1032 1594 Lygdamus
1053 1514 1108 1591 ΠΙ,
1135 1518 1163 1592 1,
1184 1521 1222 1578 τε

463 1624 610 1694 (lumine
632 1626 805 1706 formosae,
826 1627 929 1712 pretio
949 1626 1116 1709 capiuntur
1136 1646 1266 1692 avarae:

549 1736 692 1804 Gaudeat
709 1750 746 1802 ut
770 1736 863 1819 digna
883 1751 929 1801 est
948 1739 1092 1806 amisus
1111 1740 1166 1802 illa
1189 1740 1276 1804 meio.

334 1857 412 1921 Huc'
425 1855 599 1939 respexisse
619 1854 781 1920 Tibullum
804 1856 828 1934 1,
847 1858 879 1935 4,
896 1860 949 1921 61.
971 1862 1022 1922 62.
1042 1857 1100 1920 ubi
1123 1857 1271 1937 legimus:

462 1967 602 2036 Pieridas
622 1966 715 2051 pueri
734 1964 845 2032 doctos
866 1981 897 2031 et
920 1982 1023 2032 amate
1041 1982 1160 2051 postas,

546 2087 651 2149 Aurea
674 2106 732 2147 nec
757 2097 906 2165 superent
925 2103 1058 2148 munera
1076 2077 1225 2142 Pieridas.

334 2199 484 2266 Eiusdem
506 2197 629 2277 generis
648 2208 723 2257 sunt
745 2196 824 2256 aliae
851 2191 1100 2272 comparationes
1121 2193 1253 2266 multas,
1282 2191 1353 2272 (sui-

334 2320 394 2382 bus
414 2309 568 2394 Lygdami
595 2309 687 2392 quasi
712 2309 831 2371 semina
859 2319 890 2371 et
910 2305 1076 2369 simulacra
1097 2305 1132 2365 io
1161 2302 1277 2370 ovidio
1298 2302 1353 2367 ‹le-

334 2426 491 2513 prahemli
509 2428 644 2510 probate
668 2425 751 2501 vult,
776 2422 876 2487 saluti
900 2441 971 2485 eum
994 2418 1174 2503 Lygdamus
1195 2418 1278 2484 dieat
1298 2423 1353 2500 ΙΙΙ,

336 2553 366 2624 2,
387 2551 424 2609 5:

461 2653 537 2719 Non
556 2673 613 2734 ego
633 2652 742 2717 firmus
762 2654 797 2715 in
817 2655 887 2730 hoc,
907 2671 973 2715 non
990 2653 1068 2717 haec
1082 2652 1232 2734 patientia
1244 2665 1353 2715 nostm

547 2770 696 2849 lngsniot
717 2770 831 2850 frangit
852 2770 947 2834 tortia
966 2765 1063 2832 cortla
1083 2766 1183 2844 dolor,

332 2882 406 2947 ltine
425 2883 583 2947 lucratum
604 2880 753 2949 Ovidium
775 2883 808 2944 tn
824 2881 951 2943 Amorr.
970 2882 1028 2957 tlt,
1049 2886 1099 2957 tt,
1122 2888 1152 2943 1.
1174 2888 1213 2943 2:

461 2999 567 3063 Multa
586 2995 706 3080 diuque
723 2995 802 3058 tuli:
821 2996 904 3056 vitiis
925 2995 1075 3075 patientia
1098 2995 1179 3056 victa
1199 3006 1254 3055 est.

548 3107 633 3171 esda
653 3109 779 3186 fatigato
804 3120 946 3188 pectore,
966 3106 1066 3187 turpis
1087 3108 1196 3169 Amor.

333 3221 430 3286 Vides
448 3221 553 3286 virum
574 3220 700 3285 doctum
721 3220 847 3283 inanem
869 3240 998 3300 operam
1020 3219 1266 3300 consumpsisse,
1297 3241 1353 3283 cu·

334 3334 438 3417 pidius
470 3354 571 3417 quam
593 3333 707 3395 rectius
736 3345 969 3415 comparantem
996 3354 1076 3417 quae
1106 3336 1150 3397 sic
1179 3310 1354 3416 comparari

334 3468 399 3510 non
420 3458 562 3530 possunt.
604 3444 704 3510 Potae
727 3466 799 3510 eum
814 3445 994 3529 Lygdamus
1014 3449 1177 3529 religiosus
1200 3448 1282 3511 dicat
1300 3450 1354 3526 111,

336 3568 365 3639 5,
390 3570 421 3624 7.
446 3568 483 3625 8:

461 3672 535 3739 Non
558 3693 615 3753 ego
637 3674 756 3738 tentavi
775 3676 854 3737 nulli
874 3675 1056 3740 temeranda
1076 3679 1218 3743 virorum

547 3785 662 3853 Audax
680 3787 856 3851 laudandae
878 3812 967 3853 sacra
987 3789 1099 3854 docere
1118 3789 1203 3864 deae,

221 3976 225 3981 ,
335 3906 480 3969 Tibullus
501 3916 607 3967 sutem
626 3905 652 3981 1,
674 3909 702 3980 6,
725 3910 878 3993 21·sqq.:

464 4017 572 4083 Exibit
593 4037 688 4103 quam
710 4037 803 4097 saepe
823 4020 907 4093 time,
930 4037 987 4080 seu
1007 4014 1110 4083 visas·
1131 4014 1215 4081 dicet

547 4134 641 4196 Sacra
662 4132 770 4195 Bonae
791 4131 930 4192 maribus
951 4149 1016 4192 non
1038 4128 1181 4195 adeunda
1203 4129 1289 4193 desa.

1495 1005 1499 1132 l
