3009 4725
462 415 648 488 TIBULLl
681 413 769 491 ΜΒ.
792 416 849 490 lV.
869 431 892 486 t.
1141 422 1192 497 85

225 604 285 677 Est
308 600 404 690 tibi„
425 602 483 702 qui
509 602 618 702 possit
645 603 778 701 magnis
805 628 839 675 se
873 601 1050 699 accingere
1077 604 1192 694 rebus,

170 732 392 832 180Valgius:
418 749 557 807 aeterno
584 732 728 833 propior
751 759 823 804 non
849 729 934 805 alter
955 733 1114 807 Homero.

223 861 404 961 Languida
428 889 499 934 non
517 879 635 934 noster
652 862 785 962 peragit
810 861 909 935 labor
935 862 1013 949 otia,
1038 864 1192 963 quamvis

228 995 404 1079 Fortuna,
430 1009 470 1065 ut
492 1018 568 1065 mos
594 1008 645 1063 est
667 988 734 1079 illi,
768 1018 823 1063 me
850 990 990 1064 adversa
1012 991 1138 1090 fatiget.

228 1123 316 1193 Nam
331 1118 426 1207 mibi,
452 1147 529 1193 rum
545 1120 679 1217 magnis
698 1120 823 1220 opibus
841 1120 963 1194 domus
979 1120 1045 1194 alta
1058 1122 1190 1213 niteret,

230 1250 293 1323 Cui
319 1250 454 1324 fuerant
479 1248 556 1322 llari
581 1249 725 1324 ditantes
750 1250 871 1325 ordine
897 1251 982 1325 sulci

73 1469 83 1478 ἢ
168 1382 358 1454 185Horrea
385 1379 552 1454 fecundas
579 1380 623 1452 ad
649 1378 840 1454 deficientia
866 1407 1013 1471 orasses,

228 1511 358 1611 Cuique
384 1537 490 1610 pecus
517 1508 626 1582 denso
649 1509 834 1608 pascebant
863 1510 998 1607 agmine
1024 1509 1127 1582 colles

226 1638 283 1734 (Et
309 1639 449 1712 domino
474 1639 558 1712 satis
585 1656 618 1710 et
643 1638 787 1711 nimium
813 1638 948 1740 furique
972 1639 1157 1739 lupoque),

227 1769 327 1841 Nune
354 1767 561 1841 desiderium
587 1784 760 1867 superest:
794 1795 873 1841 nam
901 1795 982 1841 eura
1011 1786 1171 1856 novatur,

230 1895 315 1968 Cum
324 1921 455 1969 memor
464 1913 641 1971 anteactos
650 1922 785 1996 semper
794 1894 1186 1969 doloradmonetannos.

167 2023 297 2097 woSed
319 2023 396 2098 lieet
421 2025 594 2126 asperiora
623 2026 748 2099 cadant
773 2023 966 2126 spolierque
992 2022 1136 2112 relictis,

223 2157 300 2229 Non
326 2173 357 2228 te
383 2154 543 2229 deficient
566 2174 702 2229 nostrae
729 2181 917 2228 memorare
945 2154 1121 2227 Camenae.

222 2285 292 2357 Nec
317 2284 428 2358 solum
454 2284 518 2358 tibi
543 2284 648 2359 Pierii
674 2285 867 2359 tribuentur
893 2284 1059 2358 honores:

224 2414 293 2487 Pro
319 2431 351 2487 te
374 2414 426 2489 vel
453 2414 595 2516 rapidas
622 2416 731 2489 ausim
759 2417 863 2489 maris
893 2416 942 2490 ire
967 2443 1030 2515 per
1055 2413 1186 2502 undas,

226 2541 387 2615 Adversis
411 2543 556 2618 biberna
582 2545 660 2619 lieet
683 2563 835 2619 tumeant
860 2545 945 2617 freta
971 2545 1097 2632 ventis,

166 2672 298 2744 195Pro
324 2688 354 2744 te
380 2671 431 2746 vel
457 2672 571 2748 densis
593 2674 687 2749 solus
714 2673 898 2747 subsistere
924 2675 1044 2744 turmis

221 2801 284 2877 Vel
304 2831 447 2904 parvum
472 2804 643 2879 Aetnaeae
658 2831 783 2905 eorpus
797 2802 1004 2887 committere
1020 2799 1184 2874 llammae.

224 2936 308 3007 Sum
325 2935 567 3037 quodcunque,
590 2955 684 3009 tuum
700 2953 758 3009 est.
780 2934 888 3007 nostri
902 2933 930 3005 si
945 2928 1085 3031 parvula
1102 2957 1182 3002 eura

223 3063 275 3138 Sit
288 3063 360 3152 tibi,
386 3080 513 3165 quanta
531 3063 622 3155 libet,
649 3065 677 3138 si
694 3065 738 3137 sit
752 3062 867 3151 modo,
893 3090 962 3134 non
977 3058 1061 3132 mibi
1079 3085 1184 3155 regna

223 3193 351 3294 Lydia,
381 3224 451 3267 non
478 3195 595 3292 magni
622 3195 735 3296 potior
761 3194 804 3267 sit
832 3193 920 3265 lama
948 3190 1106 3294 Gylippi,

163 3321 332 3395 200Posse
355 3322 516 3397 Meleteas
539 3353 603 3397 nec
625 3324 759 3398 mallem
786 3323 918 3397 vincere
940 3320 1083 3393 chartas.

235 3600 267 3652 V.
278 3604 339 3654 109.
357 3602 516 3657 admonet
530 3605 626 3669 Esou,
641 3605 743 3667 Parus,
753 3604 881 3665 Proetus,
895 3598 952 3652 cod.
966 3598 1092 3661 birris,
1105 3609 1182 3647 sorr.

164 3710 256 3754 nstro.
274 3716 333 3756 nt.
353 3707 380 3755 et
399 3720 458 3757 oum
478 3706 556 3757 Anno
577 3706 729 3757 Scrutare.
766 3704 817 3755 Atti
834 3701 965 3753 odoros-et.

233 3824 265 3878 V.
280 3829 340 3879 195.
368 3828 490 3880 densis
516 3831 617 3881 solus
646 3828 744 3896 optimi.
797 3824 870 3877 solus
900 3822 989 3875 densis
1016 3838 1076 3874 curn
1105 3820 1184 3870 duno

159 3921 267 3989 slllsqtte
291 3925 445 3979 Scsntonn.
465 3954 499 3964 -
536 3927 731 3979 subsistere
755 3926 850 3977 Curre.
869 3940 930 3976 rsr.
954 3922 1049 3986 ultique
1071 3917 1185 3984 optimus

159 4026 237 4072 nolae
255 4022 322 4075 libri.
361 4022 450 4077 Ceteri
471 4022 606 4076 obsistere.
622 4052 656 4064 ·-
695 4025 725 4077 V,
738 4027 798 4076 191,
818 4023 905 4087 Vulgo
923 4019 958 4068 rit
980 4032 1018 4085 pr,
1038 4015 1066 4065 sl
1085 4014 1184 4065 incerto

158 4125 275 4173 suntote.
291 4149 326 4159 —
363 4122 398 4177 V.
408 4125 471 4174 20⁰.
495 4123 631 4174 vincere
653 4118 713 4174 Cur.
734 4136 797 4173 rur.
835 4118 924 4172 Ceteri
946 4116 1060 4167 mittere.
