3009 4725
268 279 270 282 ’
315 277 377 336 382
551 264 834 337 coruinum
854 271 900 337 lN
923 271 1094 337 TiBULu

501 896 872 976 COMMENTARIUS
903 900 952 972 IN
979 897 1159 969 TIBULLl

616 1089 781 1155 LIBRUM
802 1085 1027 1166 QUARTUM.

570 1374 1078 1452 cnuuuur.

662 1563 716 1616 Al)
744 1556 995 1616 MESSALAM.

724 1785 933 1805 μ’

679 1992 990 2064 INTRODUCTIO.

323 2222 394 2316 Μ.
416 2251 474 2306 Vni·
491 2246 604 2301 Mareia
622 2244 763 2309 coninua,
784 2258 861 2311 quem
879 2258 914 2297 ex
931 2243 1109 2311 superioribus
1126 2244 1258 2308 unrimur,
1275 2257 1335 2295 aun.

323 2355 384 2406 728,
402 2362 462 2402 aum
479 2346 592 2397 &aare
609 2343 751 2397 Octaviano
770 2346 933 2399 eoueuietum
950 2344 1057 2412 inierat,
1076 2360 1128 2413 qun
1146 2351 1264 2414 tempure
1281 2341 1342 2394 bei-

323 2454 376 2503 lum
399 2450 491 2499 contre
514 2444 652 2499 Antonium
676 2444 806 2510 inetubatr
832 2459 913 2513 qnare
934 2449 1027 2499 auctor
1053 2443 1128 2498 hniue
1152 2443 1272 2498 eermiuir
1296 2442 1342 2508 qui

322 2550 373 2602 iam
392 2545 454 2599 oiim
471 2560 565 2614 magun
583 2552 658 2615 parte
675 2559 799 2612 agrorum
817 2546 954 2615 epuiirtum
973 2560 1003 2598 ee
1022 2545 1166 2611 signifieat,
1186 2559 1252 2596 unua
1270 2541 1342 2612 peri·

323 2650 383 2702 cuia
406 2649 501 2703 timent
523 2646 694 2718 pamudninur
718 2647 832 2701 enuauiia
856 2648 956 2716 egregii
981 2646 1062 2700 ambit
1085 2646 1173 2698 ebietn
1192 2644 1241 2698 hoe
1260 2659 1342 2713 paue-

323 2749 416 2817 gyricn
434 2753 570 2817 peremne,
596 2747 641 2798 ubi
666 2762 756 2800 omnes
780 2746 870 2800 laudea
894 2747 943 2800 riri
968 2746 1028 2800 deta
1053 2762 1134 2815 opera
1152 2744 1342 2815 complectitur,

324 2866 406 2920 reque
429 2850 454 2903 ei
476 2849 503 2900 in
528 2853 682 2916 perpetuum
704 2847 836 2903 addictum
860 2848 1004 2918 profitetur.
1041 2847 1150 2902 crustat
1166 2847 1266 2900 diverse
1283 2858 1344 2896 eane

324 2953 438 3006 uirorum
456 2949 591 3003 docturum
609 2946 644 3001 da
659 2949 773 3001 carmine
797 2947 846 3001 bne
863 2950 971 3018 eiuaque
989 2955 1095 3003 nurture
1113 2948 1221 3013 indicia3
1248 2962 1294 2999 uua
1312 2952 1344 2998 ut

325 3054 415 3108 ordine
439 3064 562 3119 agenna,
587 3050 697 3119 primum
721 3050 804 3119 ipsine
827 3053 947 3105 earmiuie
971 3052 1097 3106 rationem
1115 3049 1343 3110 considerabimus,

326 3152 421 3206 deiude
437 3149 471 3203 de
486 3155 594 3203 auctore
609 3147 733 3203 dicemus.
770 3149 854 3217 Igitur
866 3158 1047 3217 argumentum
1060 3150 1109 3205 hoc
1123 3159 1178 3204 eutr
1195 3150 1225 3203 lu
1237 3162 1341 3201 exur-

325 3251 382 3304 din
408 3257 486 3319 poeta
510 3254 618 3305 exenaat
638 3250 782 3303 exilitatem
799 3250 896 3318 ingenii
912 3253 962 3306 aui.
1004 3252 1172 3305 Cautatnmur
1191 3266 1221 3304 ee
1236 3249 1343 3302 iimm-

326 3350 392 3414 iem‚
416 3349 478 3401 iicet
498 3351 579 3403 virtue
604 3352 711 3418 egregia
735 3351 869 3406 deterrere
893 3354 976 3422 poerit
998 3353 1141 3417 infirmum
1170 3350 1262 3419 quodsi
1280 3362 1342 3401 vern

327 3449 406 3503 etiam
424 3449 507 3516 imper
526 3448 736 3517 deprehendatur
753 3470 856 3508 eermen
875 3455 970 3508 debitia
987 3452 1106 3506 laudibus
1124 3459 1151 3506 et
1168 3453 1225 3520 ipae
1242 3449 1343 3502 humitis

326 3548 446 3602 eonditor
468 3554 594 3617 appareat
617 3550 695 3601 tantia
718 3551 799 3617 actis,
822 3558 893 3606 certe
911 3553 1024 3606 vuinieee
1042 3552 1104 3605 ratis
1121 3566 1189 3604 eree.
1223 3544 1345 3601 Oeteuiit

327 3648 421 3703 deiude
439 3648 565 3717 exemptis
583 3663 617 3701 eu
634 3646 795 3716 mythologie
813 3655 841 3702 et
859 3651 931 3704 cuitu
948 3651 1057 3704 deorum
1077 3650 1165 3719 putitiu
1182 3649 1260 3701 etiam
1277 3646 1343 3697 dene

327 3768 407 3820 pnrvu
423 3749 491 3803 done
508 3765 560 3803 nou
578 3766 716 3819 respuere,
738 3757 867 3818 rogetque
885 3753 923 3806 eie
941 3752 1079 3806 Menenium
1097 3756 1128 3802 ut
1146 3760 1254 3817 parvum
1271 3743 1347 3796 iabo-

328 3862 382 3901 rem
408 3847 521 3915 benigue
547 3850 670 3917 excipiat.
715 3851 773 3902 Aiia
798 3856 950 3916 argumente
974 3850 1096 3916 relinquit
1120 3848 1194 3912 aliie,
1221 3851 1250 3897 et
1275 3858 1343 3896 unae

328 3945 458 4000 Camenae
476 3947 648 4015 quodeunque
666 3951 774 4017 possint,
790 3948 818 4001 id
836 3965 912 4002 omne
926 3949 1057 4005 Meuaniae
1073 3953 1159 4002 voret
1195 3944 1263 3998 Euae
1277 3942 1350 3994 euim

328 4045 466 4102 maximam
484 4047 668 4116 praestantiam
686 4048 751 4115 riri,
770 4049 815 4116 qni
834 4049 912 4102 etiam
929 4048 1015 4117 gentis
1032 4047 1154 4116 autiquae
1172 4043 1283 4112 giuriam
1302 4054 1354 4093 eu-
