3009 4725
295 236 357 290 328
534 226 882 296 contammata
903 231 1078 294 TlBULLl

297 394 416 447 iacincto
439 395 577 469 quadrato
598 396 694 467 pollio.
719 428 756 444 -
788 401 820 456 V.
843 405 876 460 19
895 417 935 469 sq.
971 401 1049 456 Nunc
1073 401 1107 455 de
1127 405 1318 471 conspersione

298 494 394 548 ossium
413 501 441 548 et
459 495 554 548 cineris
573 496 651 562 dicit,
670 513 738 564 quae
757 498 816 551 rino
835 507 862 553 ct
881 502 948 554 lacte
967 501 1056 555 tlebat.
1091 502 1202 560 Constat
1218 501 1253 556 dc
1270 504 1316 557 bn-

299 611 355 649 rum
374 611 460 649 rerum
477 612 527 649 usu
545 596 572 649 in
589 597 697 653 inferiis.
734 601 834 654 Tamen
854 604 933 669 vulgo
951 609 1047 671 poetae
1064 601 1108 653 ubi
1130 600 1163 653 dc
1182 603 1317 668 sepulcra-

298 695 366 747 libus
383 693 523 748 bonoribus
540 698 688 765 loquuntur,
707 702 778 768 quod
797 703 948 770 Lygdamus
967 704 1048 754 tribus
1066 701 1106 754 bls
1125 702 1241 752 uersibus
1259 718 1317 754 ure-

299 802 397 860 morat,
422 803 599 863 praetereunt.
619 827 655 842 -·
683 802 784 854 niveo
810 802 926 855 additum
945 807 1005 867 post
1023 800 1074 851 sini
1092 800 1246 851 mentionem
1265 814 1315 867 op-

300 896 436 964 positionis
453 913 541 950 causn.
577 899 663 953 Porro
688 900 832 953 tondere
858 901 952 994 lactp
975 901 1071 952 dictum
1091 915 1129 966 pr.
1150 898 1312 968 perfundere,

300 1001 329 1047 ut
349 993 471 1065 suadere
496 1014 566 1048 mero
590 998 611 1063 l,
636 1003 777 1062 7‚50.—
812 998 842 1048 V.
862 1001 894 1048 21
917 1009 957 1063 sq.
986 998 1167 1050 carbaseis
1192 1000 1316 1051 uentis.

301 1096 416 1148 Vossrus
434 1095 498 1148 linis
516 1096 642 1161 emendat,
660 1101 687 1147 ut
704 1096 847 1148 Psoanun.
865 1095 913 1160 tv,
931 1100 957 1161 3,
978 1099 1022 1148 64.
1041 1102 1103 1147 sunt
1121 1093 1235 1147 carbasa
1250 1095 1319 1166 bna,

300 1203 345 1249 sut
373 1198 460 1264 potius
483 1196 569 1252 villis,
605 1202 635 1248 ut
662 1197 791 1248 carbaseis
820 1197 888 1248 villis
917 1198 953 1247 sit
982 1211 1030 1263 pro
1058 1196 1172 1248 carbasis
1204 1196 1319 1258 villosis3

301 1295 380 1347 luisse
405 1297 473 1350 enim
498 1295 576 1347 lintea
600 1301 719 1347 veterum
743 1295 834 1346 villosa
861 1293 1014 1345 ostenderat
1033 1292 1065 1344 ad
1085 1293 1199 1345 Vrania.
1217 1293 1318 1356 Georg.

300 1394 346 1459 lv,
364 1397 427 1446 nrt.
469 1393 546 1449 Quod
572 1394 635 1447 licet
660 1408 751 1446 rerum
777 1393 826 1457 sit,
855 1398 943 1444 tamen
970 1392 1003 1443 ab
1024 1390 1151 1445 hocloco
1171 1392 1254 1443 olicus
1279 1399 1319 1443 est

302 1493 397 1545 mentio
414 1493 462 1558 rei,
479 1508 527 1544 nec
546 1493 624 1546 ullam
643 1494 693 1545 vim
713 1493 738 1546 in
756 1491 886 1544 sententia
904 1491 995 1543 utilem
1014 1489 1100 1545 babet.
1137 1491 1225 1547 Quare
1243 1505 1320 1559 prae-

301 1595 414 1647 feramus
432 1592 513 1650 oelis.
541 1595 612 1661 quod
630 1594 723 1646 lassis
747 1594 847 1663 placuit
870 1598 897 1645 el
923 1593 1112 1646 recentioribus
1130 1593 1231 1658 maltis,
1257 1593 1320 1645 blu-

303 1711 392 1760 naao,
416 1697 587 1761 Ponnsuao,
612 1697 801 1759 Passansnro,
821 1693 1036 1761 Raeticanunc,
1061 1696 1175 1749 Harma
1194 1701 1221 1748 et
1238 1711 1321 1763 nuper

305 1793 466 1861 Huscrrnro,
489 1812 565 1862 quem
585 1797 704 1864 sequitur
722 1798 903 1852 Gouaanrus.
947 1797 1033 1863 Atque
1055 1796 1213 1850 Huscuxtus
1231 1801 1322 1849 contra

307 1897 427 1949 l'ossrun
446 1896 511 1950 bene
529 1905 617 1970 monet
636 1899 751 1951 velorum
771 1899 841 1950 varis
859 1913 957 1965 genera
977 1914 1044 1963 esse,
1062 1914 1148 1949 crassa
1165 1902 1193 1948 nt
1211 1897 1322 1962 naviam,

305 1995 408 2061 tenuis,
433 1998 512 2050 immo
538 2000 690 2051 tenuissima
715 2008 745 2051 ut
773 1997 904 2052 bominum
929 1999 1107 2067 voluptatibus
1133 1998 1321 2065 pertinentium,

304 2112 371 2166 quos
388 2105 418 2151 ui
436 2098 540 2152 thssno
558 2100 649 2153 scribit
669 2102 746 2154 Catil.
762 2101 796 2166 ll,
814 2105 863 2153 10:
879 2117 950 2168 pexo
969 2098 1068 2167 capillo
1086 2098 1186 2150 nitidas
1203 2109 1253 2148 aut
1271 2097 1323 2147 im-

305 2194 395 2250 barber
413 2207 464 2248 ont
476 2216 563 2266 paene
582 2196 708 2250 barbatos
728 2198 834 2262 videtis,
852 2196 995 2248 manicatis
1013 2205 1040 2246 et
1061 2195 1197 2249 talaribus
1214 2197 1324 2257 tunicis,

305 2294 372 2347 aslis
394 2295 521 2351 astrictos,
548 2314 601 2346 non
628 2295 707 2366 togis.
759 2295 819 2347 Non
845 2296 926 2361 igitur
951 2311 967 2348 e
995 2295 1123 2349 latinitate
1149 2296 1324 2349 ecclesiastica

306 2398 372 2451 hanc
389 2400 504 2451 velorum
522 2397 737 2463 significationem
756 2397 877 2462 tinxisse,
894 2403 925 2448 ut
942 2397 1059 2450 Vossrus
1078 2404 1199 2463 censeat,
1224 2397 1270 2451 sed
1290 2413 1324 2450 cx

306 2512 384 2550 aurea
405 2498 536 2551 latinitatis
553 2504 648 2550 aetate.
685 2496 765 2549 Addit
784 2496 945 2549 Huscnsrus
964 2495 1062 2548 Lucan.
1083 2496 1153 2562 vltt,
1171 2501 1240 2550 sors
1264 2496 1327 2547 Illic

306 2607 335 2650 et
359 2596 440 2653 tasas
464 2609 551 2653 vester
577 2607 604 2649 et
620 2599 704 2668 fluxa
730 2595 847 2650 virorum
874 2595 1031 2649 Velamenta
1050 2593 1135 2651 vider,
1165 2601 1192 2647 et
1209 2594 1245 2660 X,
1266 2600 1326 2648 141.

306 2699 341 2753 dc
359 2700 512 2769 Cleopatra:
542 2697 664 2750 Candida
682 2696 791 2747 Sidonio
805 2693 945 2764 perlucent
962 2702 1073 2763 pectora
1086 2693 1153 2762 filo,
1178 2693 1258 2764 Quod
1274 2692 1329 2744 tti-

307 2797 372 2852 lotr'c
395 2818 462 2852 acus
488 2816 664 2867 compressum
686 2795 792 2865 pectine
810 2798 904 2847 Serum
923 2795 1009 2849 Solvit
1033 2805 1061 2846 et
1085 2804 1195 2846 extersae
1219 2793 1329 2844 laxavit

274 2897 280 2913 ‘
307 2897 427 2951 stamina
446 2897 510 2951 velo.
547 2900 622 2954 Quae
645 2913 705 2950 cum
728 2897 764 2949 ita
783 2898 848 2963 siut,
873 2897 972 2967 optime
990 2911 1042 2949 vox
1060 2895 1182 2948 convenit
1198 2895 1328 2948 adiectiro

309 2998 458 3055 carbaseis.
484 3014 537 3067 quo
560 3001 662 3052 nomine
689 3000 830 3051 tenuissimi
856 2999 901 3050 liui
926 3013 1008 3064 genos
1033 2999 1191 3050 nominatum
1218 3002 1331 3062 constat,

309 3101 378 3169 quod
397 3102 507 3169 primum
529 3104 556 3154 in
574 3100 699 3168 Hispania
717 3099 906 3153 Tarraconensi
926 3106 1058 3170 repertum
1077 3107 1117 3154 est
1140 3106 1209 3153 teste
1225 3101 1330 3153 Pnruro

309 3197 384 3262 XIX,
403 3204 427 3254 1.
464 3201 513 3253 llis
537 3201 617 3267 igitur
639 3198 760 3251 tenuibus
786 3200 850 3251 velis
875 3201 967 3253 siccari
993 3202 1049 3255 vult
1071 3217 1130 3255 ossa
1155 3216 1214 3254 cum
1233 3202 1332 3266 cinere,
1367 3190 1371 3194 ’

310 3306 366 3350 tum
384 3301 487 3353 condita
505 3302 531 3353 in
550 3316 614 3353 urna
632 3299 728 3368 deponi
747 3300 773 3350 ln
790 3300 913 3367 sepulcro
932 3316 1085 3354 marmoreo.
1128 3300 1244 3353 domos
1261 3301 1332 3352 enim

310 3397 429 3464 sepulcra
461 3401 586 3453 nominari
618 3406 677 3470 post
703 3401 835 3453 Snsnrurt
867 3401 1014 3455 observarit
1039 3401 1124 3456 lurcos
1149 3401 1332 3455 Runeansrus

312 3498 600 3554 Venestorum.
626 3507 654 3552 et
679 3502 893 3557 Baoncurrusrus
918 3503 951 3556 nd
977 3502 1003 3556 tr.
1029 3504 1046 3555 Ι.
1070 3518 1102 3555 ae
1127 3503 1267 3565 Vannius,
1297 3514 1333 3551 ex

311 3601 394 3669 iisque
412 3599 552 3653 Haustus.
595 3601 682 3670 Saepe
704 3604 730 3656 io
750 3604 966 3675 Inscriptionibus
984 3605 1080 3672 legitur
1097 3612 1210 3654 aeterna
1229 3601 1333 3652 datarus.

311 3698 805 3771 Esteupbemismus.—V.23sqq.
841 3705 1222 3771 illioqussmittitetc.
1260 3700 1335 3752 Care

311 3820 370 3857 cum
389 3804 486 3856 Vossro
506 3808 654 3857 construass
673 3801 736 3855 Illic
746 3802 909 3874 fundantur
928 3802 1016 3856 eodem
1035 3809 1102 3868 etc.;
1121 3819 1179 3857 nam
1198 3802 1275 3854 facile
1292 3800 1337 3851 ia-

252 3878 260 3887 .
312 3902 452 3969 telligitur,
485 3901 598 3955 eodem
630 3908 738 3972 propter
771 3902 935 3955 lacrimas
969 3900 1085 3954 additum
1112 3918 1170 3953 esse
1196 3902 1221 3951 in
1250 3900 1338 3951 altero

313 3999 444 4066 membro,
467 4017 515 4054 uec
533 4017 611 4070 posse
629 3999 685 4052 illic
702 3999 792 4052 eodem
809 4017 860 4054 uuo
880 4009 1007 4055 commate
1026 4002 1107 4068 longi.
1146 4002 1248 4054 Bonum
1271 4014 1337 4053 vcro
