3009 4725
489 387 600 455 LIBR.
622 387 648 451 l.
689 387 811 454 ELEG.
831 389 888 452 Ill.
1163 398 1202 462 63

182 597 232 650 ρας
250 573 379 640 ἴοιιιενμῖ
397 576 462 644 πυρὶ
477 582 569 642 pulpae
586 571 658 636 ἴοικε,
675 573 749 634 μένος
765 567 792 624 δ’
808 573 905 624 αἴθωνι
926 568 1041 643 σιδήρῳ,
1059 581 1086 626 et
1103 571 1203 641 xxiii,

183 682 251 732 640:
282 670 358 737 ὁμὲν
375 672 487 734 ἔμπεδοι
510 665 650 740 ἡνιόχευεν,
679 669 791 731 licentior
806 667 922 741 ἡνιόχευ’,
949 667 1006 724 ὅδ’
1023 668 1075 742 ἄρα
1094 669 1203 740 μάστιγι

184 781 289 832 silaus.
330 774 408 845 Apud
435 773 568 826 Tibullum
595 773 645 826 eliu
669 774 789 841 exemplu
812 780 873 826 sunt
895 774 919 838 1,
935 776 961 839 4,
986 778 1031 828 bb·
1058 781 1085 827 et
1109 779 1135 840 5,
1157 779 1202 829 lt.

184 879 276 946 Neque
294 890 361 944 opus
377 879 407 926 ut
424 873 510 924 omniu
529 870 607 924 verbu
625 877 784 938 repetantur,
802 872 849 924 sed
867 873 931 924 sutis
948 889 1028 942 saepe
1045 881 1095 940 ert,
1112 876 1136 927 ei
1152 891 1203 944 po·

76 1035 80 1044 ¹
182 979 249 1029 tiore
266 976 383 1030 redeant.
421 972 509 1024 Habet
532 977 620 1023 eutem
645 972 729 1036 ligure
754 986 822 1024 nunc
846 972 967 1025 effectum
986 989 1108 1041 gravem,
1133 990 1201 1028 nunc

183 1081 268 1132 lusum
283 1075 432 1130 iucundum.
478 1075 618 1126 Praeterea
637 1071 687 1125 lico
705 1074 766 1127 loce
782 1075 858 1127 simul
877 1077 999 1130 transitus
1016 1076 1050 1129 ed
1066 1080 1202 1145 sequeutia

185 1193 232 1245 per
256 1191 316 1228 cem
339 1179 446 1242 paretur
469 1178 500 1224 ut
524 1189 548 1225 v.
572 1188 596 1226 c.
621 1171 699 1224 etiem
718 1171 739 1236 l,
757 1177 785 1236 5,
803 1178 846 1228 Π.
870 1174 906 1239 ll,
925 1178 951 1239 4,
968 1179 1012 1230 20.
1030 1205 1066 1219 -
1093 1178 1199 1246 Pergite

184 1292 246 1330 non
270 1275 321 1327 hic
346 1271 426 1328 mibi
450 1276 573 1337 meter,
601 1287 665 1324 uon
690 1286 797 1326 soror.
833 1272 916 1327 Erant
940 1275 1009 1328 euim
1035 1275 1099 1330 berc
1117 1279 1202 1333 oliiclu

184 1374 362 1444 proximorum
379 1378 407 1425 et
423 1371 631 1436 carissimorum,
657 1375 686 1423 ut
702 1377 814 1424 constet.
859 1373 966 1427 Tibullo
985 1391 1046 1430 vero
1063 1378 1114 1429 elio
1131 1385 1200 1432 tem·

184 1489 247 1542 pore
269 1487 359 1525 revere
383 1470 495 1537 contigit
518 1466 590 1536 quod
609 1472 698 1536 optut,
723 1474 753 1520 ut
770 1470 871 1522 Romae
888 1472 913 1524 ln
932 1476 1094 1542 amplexibus
1112 1479 1201 1530 metris

186 1582 213 1628 et
230 1575 326 1627 sororis
344 1573 492 1636 decederet,
509 1570 543 1623 cl.
560 1571 645 1622 Ovrn.
662 1576 765 1624 Amore.
782 1570 830 1637 111,
850 1576 876 1636 9,
888 1576 934 1626 49.
970 1576 1056 1631 Quum
1073 1579 1108 1629 sit
1125 1581 1201 1632 triste

185 1677 212 1727 in
230 1674 367 1744 peregriua
384 1682 455 1726 terre
471 1675 580 1726 morici
599 1672 719 1744 sepeliri,
747 1671 821 1723 mulli
840 1672 891 1724 loci
909 1672 1153 1745 decentiorem,
1172 1687 1201 1732 ut

186 1774 270 1826 Onu.
288 1772 369 1825 Trist.
387 1771 408 1837 l,
424 1776 451 1836 2,
467 1775 512 1823 5³.
530 1771 578 1837 lli,
595 1776 622 1838 3,
639 1774 685 1824 29.
705 1770 817 1824 Vitem.
835 1772 899 1825 Aen.
918 1771 965 1839 lx,
982 1778 1045 1832 485.
1063 1775 1201 1831 Scenocu.

186 1871 286 1925 Electr.
305 1874 382 1923 1126.
418 1872 457 1924 Ac
474 1876 564 1922 notent
581 1870 744 1937 interpretes.
760 1896 793 1907 -
813 1869 846 1922 iu
863 1877 1012 1923 moestos
1029 1873 1140 1939 sinus,
1160 1876 1201 1926 lu-

186 1970 295 2037 gubrem
313 1977 410 2022 vestem
429 1969 509 2036 dicit,
533 1985 600 2037 quse
618 1978 684 2024 utrn.
721 1970 763 2024 Cf.
783 1969 849 2022 inire
867 1969 915 2035 lli,
932 1973 959 2035 T,
978 1975 1021 2025 Π.
1056 1973 1113 2024 Ree
1130 1979 1199 2025 note.

186 2068 309 2138 Ceterum
327 2067 431 2122 adrem
447 2069 515 2121 eoul.
533 2070 677 2121 Prome.
697 2068 719 2133 1,
737 2071 843 2133 1t,12=
864 2067 913 2121 An
926 2068 1029 2139 poteris
1047 2069 1125 2123 siccis
1142 2088 1201 2122 mco

180 2166 252 2238 fala
270 2185 392 2237 reponere
411 2167 508 2222 ocellis,
527 2183 642 2237 ossaque
660 2163 738 2217 nulla
756 2175 805 2218 tuo
823 2174 918 2219 nostra
934 2174 1022 2220 renero
1038 2170 1109 2220 eina.
1145 2168 1202 2221 Lo·

186 2268 273 2334 quitur
288 2274 375 2321 nutem
391 2269 527 2334 Tibullus,
554 2274 584 2320 ut
602 2283 649 2337 pur
666 2272 723 2333 est,
749 2268 903 2324 commuto.
940 2268 1038 2322 Auctor
1056 2268 1113 2320 libri
1131 2268 1203 2321 tertii

186 2369 254 2435 eleg.
275 2368 310 2420 11.
330 2369 346 2422 l.
366 2370 410 2421 cit.
434 2368 551 2437 pluribus
569 2382 617 2420 nos
635 2366 713 2421 docet
734 2367 837 2422 cineres
861 2367 919 2421 sinu
937 2373 1072 2437 susceptos
1091 2369 1202 2438 primum

187 2464 247 2516 uiuo
264 2470 292 2517 ct
308 2465 375 2517 lecte
393 2482 554 2534 conspersos,
577 2472 631 2517 tum
648 2465 713 2518 velis
730 2467 850 2532 siccatos,
867 2462 980 2536 denique
997 2469 1023 2523 iu
1041 2484 1106 2523 urue
1124 2484 1204 2539 repo-

188 2563 260 2617 sitos.
303 2564 358 2616 Pro
374 2566 465 2632 quibus
482 2564 559 2618 rebus
576 2566 696 2619 Tibullus
720 2567 786 2619 setis
811 2565 889 2620 linbet
912 2569 1062 2635 ossilegium
1086 2585 1203 2624 commc-

186 2678 297 2717 morure.
315 2691 351 2704 -
386 2665 417 2717 V.
436 2671 461 2718 ¹1.
498 2667 658 2733 Assyrios
684 2667 797 2720 cineri
822 2638 1042 2733 quue'dcdet
1068 2668 1202 2723 odores.

186 2766 315 2819 Dixerunt
333 2768 461 2833 Assyrium
479 2784 527 2836 pro
545 2768 624 2834 Syrie
641 2766 727 2820 Letiui
755 2766 850 2835 passim
874 2770 905 2817 ut
922 2764 1031 2817 Hoesr.
1050 2763 1203 2829 1v‚c,ne.

184 2864 210 2919 B
228 2868 322 2934 Syriae
340 2874 426 2939 eutem
445 2869 570 2937 portubus
588 2867 790 2933 advehebantur,
807 2874 837 2919 ut
852 2868 964 2930 constet,
980 2875 1089 2927 merces,
1107 2861 1201 2915 odores

187 2973 215 3018 ct
232 2974 363 3036 unguente
380 2968 511 3033 Orientis,
536 2967 639 3034 Indice,
658 2969 787 3035 Ambiori,
804 2967 896 3033 Syrie,
918 2965 951 3019 ci.
970 2964 1148 3016 Bnouorruos.
1167 2960 1202 3013 ed

187 3060 211 3117 h.
224 3066 241 3119 l.
260 3072 288 3120 et
305 3065 482 3121 Mrrscnnrn.
500 3065 534 3123 ed
552 3065 646 3121 floret.
661 3065 777 3133 11‚r,s.
812 3067 859 3119 Sic
877 3079 950 3117 merx
966 3065 1035 3130 syre
1053 3067 1094 3115 est
1107 3061 1202 3114 libret.

185 3161 530 3227 L³l‚12.malobetlrrum
549 3164 654 3229 Syrium
673 3165 706 3230 ll,
720 3171 746 3229 7,
763 3169 789 3218 8.
808 3164 903 3218 cordus
921 3164 1027 3230 Assyria
1044 3161 1078 3227 11,
1097 3165 1140 3237 11,
1160 3163 1202 3213 12.

186 3260 237 3312 ιιι
263 3259 385 3329 imprimis
410 3263 554 3315 Ηιιιιωι
578 3263 611 3316 ao
630 3263 706 3316 ooo.
724 3263 835 3337 Hercu
853 3262 912 3327 xv,
930 3266 974 3315 ιι.
999 3266 1027 3314 ιι
1051 3259 1111 3311 oue
1135 3257 1213 3311 roro·
1323 3234 1331 3249 '

184 3357 281 3411 chn.
307 3358 354 3424 lll,
371 3364 398 3422 2,
414 3365 449 3414 23
467 3377 525 3429 sqq.
546 3386 583 3403 ·-
617 3361 729 3414 dedet.
765 3358 902 3426 Signibcut
925 3356 1086 3425 redupllcutu
1108 3354 1201 3422 iorum,

184 3463 215 3510 ut
234 3464 357 3525 constet,
381 3459 443 3513 dere
465 3461 536 3529 qnod
560 3463 696 3532 accipienti
718 3462 852 3531 proprium
878 3442 982 3527 semper
1006 3457 1042 3511 sit
1064 3465 1091 3512 et
1107 3472 1203 3524 suunt

185 3561 273 3623 aptum
290 3559 386 3626 opinor
403 3559 509 3612 verbum
526 3560 553 3612 iu
572 3561 623 3613 ritu
641 3550 764 3627 religioso
781 3556 941 3624 corintio,
966 3555 1012 3613 rbi
1029 3556 1107 3611 detur
1130 3556 1223 3624 quode
1254 3570 1262 3587 ⁴

186 3670 237 3708 uon
255 3658 397 3726 repetitum
426 3660 452 3711 in
476 3660 573 3713 leviore
595 3674 702 3715 munere
720 3660 803 3711 miuus
820 3656 957 3725 probarem
974 3656 1203 3724 significantium

186 3732 305 3809 rorum.
341 3757 407 3809 cm
424 3757 494 3813 eorm
511 3759 622 3826 simplex
643 3757 709 3809 um
727 3758 834 3823 vulgare
854 3756 903 3821 sn,
919 3756 1043 3809 memor
1058 3757 1099 3809 ιιι
1116 3753 1205 3805 moo-

186 3850 228 3902 uis
247 3855 346 3908 nonnisi
363 3854 442 3909 certis
461 3856 525 3909 locis
543 3856 672 3925 convenit.
716 3854 839 3909 Ceterum
859 3855 982 3919 llnuorm
1000 3856 1025 3906 iu
1042 3866 1135 3905 urusm
1153 3862 1204 3900 uu-

182 3954 284 4015 ssffliss
307 3954 441 4011 noenius
467 3959 574 4025 metuit,
609 3962 746 4024 antequam
772 3970 805 4007 ea
829 3955 855 4007 in
878 3955 1000 4023 sepulcro
1022 3953 1206 4013 collecurclur,

182 4048 255 4117 quod
275 4051 371 4106 firmari
388 4061 476 4123 potest
494 4057 592 4111 Orion
611 4058 669 4109 loco
687 4056 770 4110 Trist.
786 4054 834 4122 lu,
848 4060 875 4121 3,
890 4058 941 4108 652
962 4055 1030 4106 Ossa
1047 4061 1138 4104 tomen
1151 4042 1205 4119 ser·

182 4147 238 4200 cito
254 4165 347 4220 parva
367 4153 528 4227 reserantur
544 4157 573 4210 r'n
592 4175 671 4219 utera,
688 4185 724 4196 —
742 4164 825 4228 atque
842 4171 876 4205 ea
893 4172 953 4207 cum
966 4152 1048 4226 foliis
1065 4159 1090 4203 et
1110 4146 1207 4201 amburi
