3009 4725
512 429 621 494 LIBR.
642 431 666 491 1.
709 431 830 495 ELEG.
852 435 891 495 II.
1170 446 1210 503 47

191 612 298 664 Lucan·
310 604 356 671 VI,
366 606 435 657 det:
454 603 598 674 confundit
615 620 754 657 murmura
768 604 886 674 primum
905 603 1015 680 dissona
1031 616 1059 658 et
1076 607 1210 662 humanus

190 710 305 766 mullum
318 703 454 757 discordia
468 702 587 775 linguae,
604 713 632 759 et
649 703 737 759 Sahal·
757 706 845 763 Gallu.
862 706 896 759 ad
910 706 1004 760 Horat.
1020 708 1105 777 Epod·
1127 712 1157 777 V,
1166 718 1209 766 te.

190 804 336 872 Utebantur
361 802 457 855 talibus
483 804 560 856 etiam
593 803 627 857 ad
659 804 798 857 solvendas
831 805 1034 873 incantationes,
1066 808 1100 861 ct'.
1126 810 1208 865 Pau«.

189 909 223 962 N.
249 908 321 960 flist.
348 901 475 967 XXVIII,
500 906 529 954 2.
566 903 642 955 Cano
660 903 695 956 de
712 904 756 956 Re
774 903 851 957 Rust.
876 921 900 959 c.
920 910 981 962 160.
1009 906 1124 975 (danes,
1148 911 1209 965 dar·

190 1016 290 1079 deum,
314 1011 469 1075 erumnas,
491 1011 557 1074 ista,
584 1010 667 1077 pista,
690 1009 779 1076 sista).
816 1010 877 1066 Quo
896 1012 1025 1078 pertinent
1042 1014 1120 1068 etiam
1138 1012 1208 1078 ’Ept-

191 1135 235 1167 σια
260 1109 404 1184 γράμματα
428 1112 556 1164 Hssscu.
581 1128 603 1164 s.
629 1127 655 1162 r.
673 1137 709 1147 —
734 1125 899 1178 aspersas
927 1112 1027 1171 lacte.
1060 1115 1209 1185 Perexigua
1246 1167 1250 1175 ,

191 1213 267 1267 lanius
286 1214 352 1265 ritus
369 1211 501 1265 memoria.
538 1208 655 1260 Contulit
676 1208 777 1260 Jouau.
796 1206 945 1261 errussus
968 1210 1036 1263 Stat
1059 1210 1144 1265 Theb.
1162 1214 1209 1282 lv,

107 1361 110 1367 ,
189 1317 260 1367 Μδι
275 1309 421 1382 Argolicus
436 1307 523 1380 magis
541 1307 594 1359 leuc
608 1306 711 1376 appelle
719 1335 722 1340 ·
725 1305 860 1376 preeundo
877 1306 1069 1381 Thebanasque
1084 1314 1189 1367 wirunt
1197 1335 1208 1374 ‚·

188 1411 260 1465 alius
283 1420 404 1464 avertere
425 1426 538 1482 gressus
560 1407 633 1459 lacte
652 1416 750 1478 quater
768 1425 894 1477 sparsas,
916 1419 1067 1484 moestoque
1084 1413 1208 1466 excedere

189 1508 438 1569 incommunicato.
476 1511 564 1575 Atque
582 1505 652 1560 naec
662 1507 766 1574 quidem
784 1506 817 1559 de
836 1506 884 1561 his.
899 1533 933 1547 -
953 1510 985 1563 V.
1003 1514 1048 1564 bl.
1066 1515 1111 1566 bt.
1137 1513 1207 1567 Con·

189 1612 230 1665 ier
248 1614 331 1666 Ovrn.
354 1613 453 1664 Amorr.
471 1611 494 1675 I,
511 1614 538 1675 a,
563 1612 598 1661 92
625 1625 685 1659 cum
711 1606 799 1658 voluit
824 1616 882 1659 tuto
904 1606 1090 1679 glomerantur
1113 1589 1207 1666 uubiia

190 1707 270 1766 coeio,
287 1726 346 1759 enm
363 1706 450 1760 voluit
464 1724 536 1776 puro
549 1704 646 1776 fulget
663 1703 693 1755 in
711 1703 772 1756 orire
793 1702 858 1757 dies.
894 1706 960 1759 add.
980 1708 1047 1764 Met.
1066 1711 1126 1777 vll,
1143 1716 1206 1767 20⁰.

189 1811 219 1859 et
231 1807 338 1860 Lucus.
356 1807 402 1871 vt,
420 1810 473 1860 465
489 1823 547 1873 sqq.
564 1833 601 1845 -
625 1806 708 1859 orbe
725 1804 749 1858 b.
769 1821 793 1859 e.
811 1806 894 1872 coelo,
912 1807 979 1862 bene
996 1816 1104 1865 notante
1122 1814 1207 1867 Wuu-

186 1921 352 1971 uuantcruo,
371 1906 416 1973 qui
433 1910 538 1974 praeter
555 1907 652 1958 Oernu
671 1906 756 1958 locum
774 1906 802 1956 in
820 1906 922 1959 Amosr.
940 1907 1018 1961 etiam
1035 1908 1144 1962 Horra.
1159 1910 1206 1976 III,

181 2009 214 2068 8,
232 2011 259 2058 t.
282 2005 378 2057 iaudat.
416 2005 537 2057 Ceterum
557 2019 678 2070 magnum
697 2002 844 2071 prodigium
862 2010 936 2055 erant
953 2003 1025 2056 nives
1042 2012 1142 2059 aestua
1161 2025 1207 2060 ca-

181 2102 294 2169 dentes,
321 2102 357 2156 ct.
372 2103 493 2156 Pinnas.
512 2102 618 2168 Fragm.
638 2098 814 2169 Hyporchem.
832 2102 879 2169 IV,
894 2106 921 2154 8.
941 2110 969 2155 et
986 2103 1105 2158 laudatus
1122 2106 1205 2159 Wun-

181 2200 309 2256 deriicbio
333 2202 444 2278 Jacobs.
471 2201 643 2256 introitis.
669 2202 701 2255 Τ.
720 2202 742 2253 I.
768 2203 800 2256 P.
819 2202 854 2254 11.
878 2221 904 2271 p.
923 2206 985 2260 168.
1026 2203 1103 2257 Facit
1118 2214 1205 2260 autem

182 2307 264 2358 etiam
282 2303 332 2357 hoc
349 2321 414 2373 aega
432 2305 545 2357 camnine
561 2319 625 2370 suo,
650 2311 680 2356 ut
698 2304 741 2356 alii
760 2305 887 2357 lactarunt
904 2306 1129 2375 praestigiatores,
1152 2308 1205 2365 rid.

180 2405 355 2458 warennam.
372 2404 458 2471 Epist.
477 2404 534 2455 crit.
562 2403 595 2455 de
620 2403 708 2456 vuea
732 2403 821 2456 Flacci
845 2406 943 2472 Argon.
968 2423 993 2474 p.
1014 2410 1056 2460 19.
1084 2406 1204 2463 D1onon.

183 2508 246 2558 Sic.
263 2505 298 2569 V,
317 2509 361 2557 bb.
388 2505 509 2557 laudante
527 2505 753 2558 Wuuusaucuro
772 2512 800 2557 et
821 2505 974 2562 Husesuuo.
1009 2509 1107 2562 Iniuria
1124 2511 1205 2578 igitur

181 2609 267 2671 negat
284 2618 339 2655 rem
358 2604 473 2655 Vossius
492 2612 520 2657 et
538 2606 674 2658 lectionem
695 2611 786 2658 mutat.
804 2634 841 2646 -
871 2606 905 2659 V.
928 2611 973 2658 bb·
997 2612 1042 2663 bt.
1077 2612 1204 2666 Prasmo-

178 2701 270 2758 nenda
289 2699 331 2754 bic
346 2703 467 2754 nonnulla
484 2709 553 2769 snut,
571 2710 600 2756 ut
617 2704 831 2772 compositionem
849 2718 935 2755 rerum
953 2704 1045 2758 melius
1064 2711 1205 2779 perspicias

176 2818 262 2872 quam
280 2802 314 2855 ab
332 2803 389 2854 aliis
407 2801 501 2855 iactum
517 2812 565 2855 est.
602 2801 668 2854 Cum
683 2800 803 2854 Tibullus
821 2817 836 2853 a
852 2816 916 2867 saga
931 2815 1036 2853 armen
1050 2807 1203 2873 accepisset,

175 2903 254 2973 qnod
272 2904 364 2956 Deliae
382 2903 564 2955 commendare
581 2904 646 2969 vult,
664 2902 714 2956 hoc
732 2904 788 2971 egit
805 2905 832 2955 ia
850 2899 1060 2954 antecedentibus
1079 2907 1204 2967 stagera

173 3002 287 3065 debuit,
313 3007 343 3052 ut
367 3006 487 3067 quantana
506 3001 557 3052 eim
575 2999 651 3054 naim
668 3017 748 3068 sagae
767 3000 886 3053 earmina
903 2999 1027 3053 haberent
1045 2997 1204 3052 ostenderet.

176 3103 347 3166 Quamquam
369 3100 450 3166 igitur
473 3100 552 3153 etiam
577 3102 636 3153 alite
660 3100 739 3153 rebus
763 3101 879 3169 plurimis
901 3101 1125 3168 praetereuntem
1144 3101 1203 3148 ute-

178 3200 278 3250 bantur
294 3195 342 3249 bae
360 3197 479 3263 feminae,
498 3215 523 3252 v.
541 3214 565 3252 c.
583 3200 696 3265 turbine,
715 3200 835 3253 Tibullus
852 3207 938 3253 tamen
955 3197 989 3250 de
1008 3201 1085 3251 cantu
1103 3201 1203 3249 nutura

179 3297 265 3361 dixit,
295 3313 347 3363 quo
365 3314 458 3367 supera
484 3305 512 3352 et
536 3301 587 3353 ima
612 3308 716 3368 regeret
733 3317 812 3369 saga,
838 3302 989 3367 curavitque
1007 3304 1036 3352 ut
1053 3312 1101 3366 per
1119 3292 1202 3351 totuin

132 3426 136 3435 ·
177 3397 268 3448 Iocum
289 3392 322 3445 de
340 3392 389 3446 hoc
406 3396 456 3449 dici
475 3413 507 3450 ne
526 3398 692 3463 obliviscaris,
710 3398 779 3450 uude
796 3400 862 3450 istac
888 3397 1012 3453 cnrrrrinc,
1032 3406 1125 3454 cantu,
1143 3412 1203 3446 mc-

175 3494 238 3564 gico
255 3489 392 3550 stridore,
409 3493 499 3553 iubet,
523 3508 661 3550 convocet.
697 3498 776 3554 Quod
795 3512 862 3551 nnnc
879 3496 951 3550 vides
968 3513 1043 3565 quam
1063 3497 1203 3566 prudenter

87 3600 92 3609 ’
177 3594 276 3647 Iactum
300 3594 344 3647 sit.
380 3596 435 3649 Sed
453 3614 512 3650 cum
538 3605 624 3652 tamen
650 3599 727 3651 etiam
752 3599 804 3650 alia
829 3599 912 3651 multa
936 3614 995 3652 esse
1020 3605 1151 3652 constaret
1173 3600 1203 3665 jn

179 3693 285 3747 cilicias
302 3711 441 3762 sagam,
466 3700 614 3753 necessario
633 3700 659 3752 ia
684 3701 734 3751 fine
753 3699 805 3751 loci
822 3698 928 3752 verbula
947 3699 980 3752 de
997 3698 1036 3753 Iris
1056 3699 1203 3753 addendam

179 3791 245 3856 luit,
271 3801 301 3848 ut
319 3799 399 3851 etiam
417 3805 506 3853 cetero
524 3809 649 3871 apparatu
674 3807 776 3869 pateret
794 3799 859 3853 hanc
876 3816 953 3854 anum
970 3804 1068 3869 optime
1086 3817 1144 3854 esse
1162 3800 1203 3851 in-

178 3896 305 3947 structam
323 3902 350 3950 et
372 3899 477 3951 omnino
495 3901 529 3953 ab
548 3905 617 3956 omni
636 3908 709 3971 parte
730 3903 757 3954 in
778 3907 834 3954 arte
857 3916 904 3953 sua
923 3902 1073 3968 perlectam·
1115 3901 1202 3965 Atque

177 3987 245 4043 baec
263 4000 305 4045 est
320 3996 405 4052 uttImi
423 3999 526 4053 distichi
544 4018 639 4067 caasa,
663 4001 697 4055 ad
715 4000 785 4068 quod
803 3998 960 4054 accedimus.
995 3997 1098 4054 Quibus
1117 4011 1200 4066 expo-

174 4090 236 4143 siti·
254 4089 430 4161 inposterum
448 4116 526 4153 nemo
549 4099 677 4153 dubitabit
701 4101 800 4169 optime
823 4104 908 4153 toturn
926 4099 1012 4150 locum
1030 4097 1201 4166 compositum

174 4206 244 4258 esse,
263 4196 292 4244 et
307 4197 410 4265 singnis
430 4202 516 4254 omnin
534 4200 601 4253 scite
618 4202 745 4267 ordlaata,
763 4198 833 4271 quod
845 4198 924 4253 etiam
936 4203 1044 4266 propter
1055 4196 1199 4250 Wuunsn-
