3009 4725
302 383 354 459 74
603 374 788 447 TlBULLl
822 373 907 445 ΗΒ.
924 373 981 446 111.
1000 386 1026 443 6.

342 564 472 666 Quales
496 562 549 635 his
574 587 704 662 poenas
728 557 838 660 qualis
865 576 1082 660 quantusque
1107 557 1270 646 minetur,

395 693 562 768 Cadmeae
583 690 700 764 matris
727 688 856 791 praeda
882 707 1021 762 cruenta
1049 688 1157 765 docet.

303 823 417 900 asset
431 818 553 923 procul
566 848 586 893 a
599 819 701 893 nobis
716 815 774 891 hic
791 818 835 892 sit
848 818 961 906 timor,
986 814 1121 917 illaque,
1147 816 1246 917 siqua
1262 834 1322 903 est,

398 949 496 1044 Quid
521 947 631 1022 valeat
655 946 737 1021 laesi
763 946 885 1020 sentiat
909 946 960 1019 ira
985 945 1049 1018 dei.

346 1078 443 1178 Quid
469 1105 592 1179 precor
615 1076 660 1151 ah
685 1076 847 1151 demens?
887 1074 977 1148 venti
1003 1074 1183 1148 temeraria
1206 1090 1301 1162 rota,

395 1207 516 1281 Aeriae
544 1224 576 1280 et
599 1207 709 1280 nubes
739 1203 932 1305 diripienda
958 1202 1078 1276 lerant.

349 1335 514 1433 Quamvis
537 1333 631 1407 nulla
658 1335 725 1408 mei
751 1350 907 1433 superest
933 1332 993 1430 tibi
1020 1359 1122 1420 cura,
1152 1331 1301 1418 Neaera,

306 1478 343 1533 30
400 1465 455 1539 Sis
481 1461 581 1557 lelix,
611 1481 643 1537 et
668 1462 736 1536 sint
762 1459 911 1535 candida
934 1461 1004 1534 fata
1028 1477 1097 1533 tua.

347 1596 393 1668 At
415 1620 478 1666 nos
503 1618 642 1666 securae
667 1589 854 1664 reddamus
879 1608 1034 1691 tempora
1059 1614 1216 1662 mensae:

393 1721 497 1795 Venit
521 1737 600 1822 post
623 1717 748 1794 multos
771 1747 842 1795 una
865 1747 985 1794 serena
1012 1717 1095 1792 dies.

346 1851 411 1925 Hei
433 1827 539 1939 mihil
573 1847 713 1923 difficile
740 1867 792 1923 est
819 1848 947 1924 imitari
970 1845 1096 1948 gaudia
1121 1844 1226 1932 falsa,

398 1978 546 2055 Difficile
573 1996 624 2052 est
649 1979 736 2053 tristi
759 1976 890 2078 lingere
915 1994 1028 2051 mente
1050 1977 1181 2060 iocum,

309 2114 425 2186 35Nec
449 2111 538 2184 bene
562 2108 719 2183 mendaci
743 2109 834 2181 risus
859 2104 1075 2205 componitur
1095 2128 1171 2186 ore,

397 2242 469 2315 Nec
493 2240 582 2313 bene
607 2236 760 2312 sollicitis
786 2234 881 2307 ebria
906 2233 1009 2304 verba
1031 2243 1163 2301 sonant.

353 2372 450 2471 Quid
476 2397 602 2472 queror
624 2364 764 2442 infelix?
792 2380 909 2462 turpes
932 2356 1095 2433 discedite
1121 2381 1240 2430 curae:

405 2502 492 2577 Odit
509 2503 665 2576 Lenaeus
689 2492 800 2568 tristia
822 2490 926 2565 verba
950 2504 1055 2590 pater.

353 2631 505 2722 Gnosia,
538 2629 692 2704 Theseae
717 2621 894 2726 quondam
914 2618 1064 2722 periuria
1089 2616 1226 2716 linguae

311 2777 350 2835 to
406 2759 544 2835 Flevisti
570 2758 688 2857 ignoto
713 2752 788 2828 sola
809 2751 926 2825 relicta
951 2748 1056 2823 mari:

352 2891 410 2966 Sic
436 2888 559 2964 cecinit
582 2912 647 2987 pro
672 2901 705 2957 te
731 2881 875 2968 doctus,
902 2877 1032 2966 Minoi,
1065 2873 1217 2949 Catullus

403 3017 534 3117 Ingrati
555 3012 707 3088 referens
732 3007 840 3108 impia
864 3004 953 3079 lacta
978 3004 1052 3077 viri.

233 3204 238 3213 ι
354 3152 426 3224 Vos
453 3173 517 3245 ego
542 3169 635 3215 nuuc
660 3164 802 3213 moneo:
840 3135 938 3224 lelix,
969 3134 1165 3235 quicunque
1188 3128 1305 3203 dolore

404 3274 554 3352 Alterius
580 3270 691 3346 disces
716 3293 818 3371 posse
844 3291 960 3340 cavere
982 3280 1051 3338 tuo.

387 3490 421 3543 V.
434 3493 469 3542 ea
486 3505 543 3556 sqq.
576 3485 645 3538 Hine
668 3495 764 3535 novum
789 3493 891 3532 eumen
916 3477 1050 3530 ordtuntur
1072 3470 1130 3524 tibet
1154 3473 1181 3520 ct
1205 3465 1332 3518 etitem

316 3593 378 3641 ente
394 3586 556 3651 Μυιιτυι,
580 3585 625 3652 qni
644 3587 715 3635 recte
734 3578 882 3642 coniunxit,
906 3577 1065 3629 scimusne
1083 3567 1253 3633 obsequente.

389 3694 477 3749 tta.
500 3691 588 3757 Vulgo
613 3706 702 3741 earm
727 3702 787 3739 cunt
811 3684 886 3738 bonis
909 3681 988 3735 turta
1023 3675 1079 3731 Sed
1097 3686 1221 3728 cavere
1239 3669 1336 3724 hebeat

318 3793 451 3864 Excerpta
469 3792 598 3855 Satura,
624 3787 715 3842 Codex
733 3786 829 3838 Curso.
846 3798 926 3849 vnn,
948 3781 1081 3848 Excerpta
1096 3777 1240 3839 Felsina,
1263 3771 1336 3825 Vm·

319 3910 454 3960 onustus,
478 3888 548 3959 qnod
567 3904 635 3940 nunc
654 3885 741 3952 recepi
762 3881 887 3936 suadente
907 3882 985 3932 etlam
1002 3879 1189 3931 Laountmo.
1207 3899 1241 3912 -
1276 3876 1335 3922 tuo

319 3995 411 4063 optimi
429 3991 497 4061 apud
511 3990 710 4044 Leontium
728 3997 818 4034 omnes
835 3985 864 4032 et
879 3993 946 4031 nune
964 3977 1041 4029 ettam
1059 3974 1194 4041 Excerpta
1208 3970 1335 4023 Fnrsme.

319 4103 398 4145 tuum
421 4105 482 4143 vero
501 4087 632 4151 Excerpta
652 4085 764 4136 Scurra
783 4085 810 4132 et
830 4078 967 4131 Vmcesr.
986 4074 1108 4125 Bessos.
