3009 4725
551 454 742 524 numnis
1022 485 1144 530 cmm

123 627 238 713 positio
267 638 320 690 ast
350 627 521 711 multiplex
550 628 776 694 membrorum.
834 630 934 714 Igitur
962 634 1146 718 Propertius

123 745 302 824 ingeniosus
332 740 539 807 inveniendis
572 742 667 805 variis
705 743 974 810 enuntiationibus
1007 747 1146 812 eiusdem

124 857 295 920 sententiae
331 856 555 940 exquisitiores
595 854 709 918 modos
753 858 1002 940 amplificationis
1043 863 1147 928 habet.

124 969 209 1033 Vide
234 969 373 1049 primum
395 970 493 1030 haec:
595 1001 598 1008 ,

213 1096 327 1159 Donec
347 1117 396 1157 me
419 1093 523 1160 docuit
545 1108 645 1159 castas
670 1096 773 1161 odisse
794 1098 916 1181 puellas

258 1209 442 1291 improbus,
470 1223 500 1272 et
523 1210 613 1271 nullo
635 1209 742 1274 vivere
765 1188 905 1278 consilio.

603 1326 674 1342 m

213 1380 252 1443 ln
271 1400 322 1442 me
344 1377 451 1443 tardus
471 1381 573 1442 Amor
596 1399 665 1442 non
685 1379 765 1442 ullas
789 1382 901 1461 cogitat
923 1396 1021 1463 artes,

254 1492 322 1557 Nec
345 1493 490 1556 meminit
513 1504 606 1558 notas
628 1505 664 1554 ut
683 1494 772 1575 prius
796 1494 842 1557 irc
864 1496 941 1562 vias.

217 1659 265 1721 En
287 1660 419 1740 agedum
442 1661 589 1726 dominae
612 1673 750 1723 mentem
774 1665 944 1727 convertite
968 1678 1107 1744 nostroe,

261 1772 303 1834 Et
322 1774 413 1835 facite
433 1775 488 1836 illa
507 1796 579 1837 meu
601 1775 719 1855 pallent
741 1795 797 1838 oro
820 1777 929 1857 magis.

610 1892 682 1905 ω

221 1942 261 2003 ln
280 1960 332 2003 mc
353 1955 461 2004 nostra
481 1943 592 2006 Venus
610 1957 720 2030 noctes
743 1956 870 2006 exercet
891 1966 1029 2024 amaras,

262 2054 305 2117 Et
323 2057 413 2119 nullo
434 2077 551 2120 vacuus
571 2069 713 2139 tempore
736 2055 810 2120 defit
832 2077 930 2120 amor.

216 2221 261 2288 Ut
281 2226 363 2288 solet
384 2238 488 2288 amoto
511 2226 578 2287 labi
599 2225 727 2288 custode
751 2228 857 2308 puella

261 2337 400 2423 Perfida,
429 2358 610 2402 communes
633 2360 692 2403 nec
714 2338 892 2403 meminisse
914 2337 1001 2405 deos.

606 2455 679 2471 qun-

222 2507 309 2575 Dum
330 2510 389 2572 tibi
413 2506 551 2590 deceptis
573 2522 706 2589 augetur
726 2510 809 2573 fama
831 2513 962 2592 puellis,

267 2618 377 2685 Certus
399 2624 484 2684 etin
506 2622 595 2702 nullo
618 2622 743 2704 quaene
765 2643 872 2685 amore
896 2643 1027 2685 moram.

56 2778 61 2789 ·
137 2751 239 2815 Vides
265 2751 425 2833 quomodo
449 2755 528 2815 hacc
550 2753 698 2815 differant
722 2774 743 2813 a
764 2751 963 2829 Tibullianis.
1010 2751 1157 2813 Tibullus

138 2866 315 2930 simillimas
351 2867 577 2929 enuntiationes
614 2866 707 2947 punit
740 2865 777 2926 in
811 2864 867 2926 tali
902 2861 1159 2942 amplificatione3

139 2981 326 3063 Propertius
346 2979 524 3060 ingeniosus
545 2980 727 3042 varietatem
752 2976 902 3040 maiorem
924 2975 1021 3036 infert
1042 2986 1073 3035 ct
1098 2973 1160 3035 dis·

141 3096 293 3158 simiiiora
320 3093 480 3175 componit
505 3092 661 3169 suaviter,
693 3089 768 3153 duur
797 3088 1001 3152 nihilominus
1028 3085 1159 3150 candem

141 3209 327 3270 sententiam
341 3208 443 3269 iterat.
484 3206 530 3267 Ac
545 3226 616 3267 cum
632 3206 752 3267 Tibulli
768 3200 1022 3284 amplificationes
1037 3222 1161 3282 semper

141 3324 255 3384 breues
286 3321 364 3396 sint,
399 3317 583 3400 Propertius
615 3319 708 3380 etism
738 3315 856 3379 diutius
887 3313 1049 3378 continuat
1081 3318 1161 3379 banc

141 3433 336 3498 tractationis
358 3432 509 3509 formam,
535 3430 635 3493 veluti
654 3430 695 3507 V,
718 3434 775 3506 11,
800 3430 885 3490 inin:

227 3560 363 3637 Desine,
384 3561 510 3637 Paulle,
532 3579 636 3620 meum
657 3558 793 3621 lacrimis
814 3578 925 3637 urgere
947 3559 1143 3639 sepulcrum:

268 3672 423 3735 Panditur
444 3672 483 3734 ad
506 3674 609 3734 nullas
630 3674 724 3734 ianua
747 3672 836 3752 nigra
860 3691 977 3752 preces.
1195 3646 1202 3658 ’

229 3786 307 3849 Cum
336 3788 434 3850 semel
452 3786 594 3848 infernas
619 3785 779 3847 intrarunt
799 3786 912 3845 lunera
932 3786 1031 3864 leges,

269 3899 345 3961 Non
368 3908 500 3961 exorato
521 3909 606 3990 stant
631 3896 793 3960 adamante
814 3898 894 3959 tiae.

231 4011 279 4072 Te
299 4012 374 4073 licet
395 4024 538 4074 orantem
562 4011 667 4074 fuscae
690 4008 769 4072 deus
791 4007 898 4071 audiat
922 4004 1031 4068 aulae:

273 4121 396 4205 Nempe
418 4137 488 4186 tuas
513 4125 657 4186 lacrimas
679 4123 774 4186 litora
795 4118 891 4185 surda
911 4118 1030 4180 bibent.
