3009 4725
470 409 656 487 TlBULLl
691 410 778 487 ΠΒ.
799 411 857 483 111.
877 425 905 483 4.

214 598 351 674 Efficiat
375 621 483 670 vanos
509 593 619 668 noctis
639 592 772 668 Lucina
795 592 934 669 timores

264 729 308 802 Et
329 725 461 799 frustra
485 722 682 797 inmeritum
707 722 923 824 pertimuisse
948 725 1045 819 velit,

179 856 260 931 1⁵Si
284 882 361 930 mea
391 880 456 927 uec
484 852 577 951 turpi
604 878 699 924 meus
725 870 775 926 est
800 852 948 928 obnoxia
972 855 1063 931 sacto

265 986 337 1057 Nec
362 982 460 1056 laesit
483 1007 628 1078 magnos
656 979 764 1080 impia
792 980 910 1080 lingua
937 983 1029 1059 deos.

219 1114 291 1184 lom
313 1112 391 1184 Nox
417 1108 601 1182 aetherium
625 1108 735 1206 nigris
762 1138 899 1185 emensa
927 1114 1104 1213 quadrigis

270 1239 441 1314 Mundum
467 1237 622 1313 caeruleo
648 1237 774 1313 laverat
798 1269 897 1314 omno
921 1261 1029 1334 rotas,

218 1373 368 1454 Neome
393 1369 545 1471 sopierat
569 1369 674 1443 menti
699 1369 785 1443 deus
810 1371 903 1446 utilis
929 1401 1069 1474 aegrae:

181 1521 218 1574 20
272 1503 423 1576 Somnus
448 1501 612 1576 sollicitus
639 1500 752 1576 deficit
777 1520 855 1576 ante
882 1504 1013 1580 domos.

221 1633 390 1723 Tandem,
411 1661 489 1706 eum
512 1660 649 1707 summo
670 1631 831 1706 Phoebus
852 1635 1028 1736 prospexit
1047 1639 1091 1713 ab
1111 1656 1199 1730 ortu,

272 1761 402 1835 Pressit
425 1761 619 1863 lauguentis
648 1760 779 1836 lumina
805 1790 880 1837 sera
907 1765 1013 1864 quies.

224 1888 289 1963 Hie
317 1889 447 1964 iuvenis
471 1909 563 1965 caetu
590 1891 768 1965 redimitus
797 1909 952 1993 tempora
976 1893 1073 1968 lauro

271 2019 334 2094 Est
357 2018 450 2094 visus
474 2038 591 2095 nostra
615 2047 745 2122 ponere
771 2020 852 2095 sede
877 2021 1009 2123 pedem.

184 2150 305 2224 25Non
330 2147 391 2223 illo
417 2149 601 2251 quicquam
627 2149 812 2224 formosius
838 2151 907 2225 ullu
932 2152 1085 2253 priorum

269 2282 391 2374 Aetas,
424 2279 615 2355 humanum
638 2308 701 2354 nee
727 2280 819 2355 videt
845 2280 932 2355 illud
959 2310 1054 2386 opus.

224 2413 356 2487 lutonsi
382 2412 494 2486 eriues
524 2411 628 2511 longa
654 2411 782 2486 cervice
808 2411 976 2504 fluebant,

279 2539 434 2614 stillabat
457 2540 560 2645 Syrio
587 2558 718 2646 myrtea
740 2568 818 2615 rore
844 2571 951 2616 coma.

229 2666 367 2742 Candor
393 2686 480 2761 erat,
508 2670 643 2772 qualem
668 2670 818 2771 praefert
843 2670 988 2743 Latonia
1012 2673 1128 2758 Luna,

185 2819 223 2875 30
280 2801 324 2876 Et
348 2800 444 2876 color
467 2802 503 2876 iu
528 2804 628 2877 niveo
655 2829 798 2903 corpore
824 2828 1034 2903 purpureus,

231 2931 279 3005 Ut
303 2932 416 3006 iureui
441 2932 591 3034 primum
617 2932 715 3032 virgo
741 2931 886 3007 deductu
916 2931 1063 3027 marito,

277 3058 432 3135 Inficitur
456 3078 590 3137 teneras
618 3090 679 3137 ore
706 3062 851 3136 rubente
877 3088 1000 3160 genus,

188 3367 294 3423 duntur.
327 3372 450 3427 Profecto
468 3372 518 3428 hoo
537 3375 578 3428 vel
597 3374 638 3427 At
660 3384 750 3427 tomen
775 3373 912 3441 tegendum
931 3370 1102 3439 oppositionis
1120 3383 1207 3423 auso.

185 3466 311 3522 coecum
335 3469 368 3523 de
389 3471 541 3526 contusione
565 3472 730 3528 formularum
749 3473 788 3522 Et
806 3479 896 3521 tomen
913 3477 941 3522 et
958 3468 1014 3520 Sed
1037 3477 1127 3520 tomen
1145 3466 1205 3519 victo

187 3568 296 3636 prtum
313 3569 456 3625 Burrum
474 3578 591 3628 uouotut.
604 3572 637 3625 ud
652 3573 781 3626 Tsuurr.
796 3597 832 3610 -
850 3568 978 3621 menori
992 3567 1112 3621 meliores
1126 3573 1207 3620 reete.

188 3665 231 3718 ΔΙ.
249 3668 366 3720 monenti
386 3671 464 3724 mole.
500 3670 554 3725 Sed
575 3687 613 3739 pr.
637 3671 692 3723 1111
714 3669 815 3723 videtur
837 3666 894 3719 illis
915 3666 1086 3720 scribendum.

260 3793 293 3846 V.
304 3797 348 3850 14.
370 3796 596 3864 pertimuisse
617 3796 716 3865 optimi.
760 3796 848 3862 Vulgo
870 3792 1068 3863 proetiruuisse.

260 3918 291 3973 V.
300 3923 346 3973 25.
355 3923 404 3976 26.
429 3931 566 3990 corruptus
584 3923 664 3975 loeus.
678 3946 711 3961 -
748 3923 780 3975 V.
791 3924 835 3973 28.
854 3920 1026 3972 sentabat
1045 3915 1102 3968 tibet
1121 3930 1211 3967 omues

184 4016 315 4072 meliores.
350 4016 483 4087 spirabat
505 4021 582 4088 poue}
604 4019 762 4085 deteriores,
785 4018 855 4088 quod
877 4029 962 4071 tumen
981 4016 1092 4084 probent
1109 4015 1210 4068 Pmo-

185 4127 303 4178 urron,
329 4115 460 4180 Vossius,
483 4117 739 4181 wowonium,
764 4118 895 4170 Bruuius.

886 4212 941 4273 51
