3009 4725
354 418 418 460 xcu
787 402 844 466 DE
866 399 988 468 POESI

353 594 469 638 nonem
502 594 563 656 pro
592 595 698 639 ansere
731 574 887 660 Sulpiciae
918 591 949 641 et
982 575 1123 642 Cerinthi
1156 582 1304 661 scriptum
1336 586 1370 644 in

351 689 498 750 natalitiis
522 688 687 770 Sulpiciae.
735 691 877 757 ExordIo
905 707 1051 775 precatur
1077 693 1167 758 deam
1195 708 1303 776 poeta,
1335 708 1370 757 ut

351 803 434 867 dona
454 807 575 885 puellae
594 807 728 887 benigne
746 811 889 892 recipiat,
908 808 1045 872 medium
1064 833 1188 874 carmen
1206 812 1288 893 ipsas
1307 832 1368 893 pro

350 920 410 979 lroc
439 940 545 990 ansere
576 920 731 983 firmando
764 935 796 984 et
825 921 943 986 tuendo
975 946 1083 1007 preces
1114 926 1227 1000 habet,
1265 926 1367 986 exitus

348 1031 484 1117 denique
503 1036 630 1098 tertium
651 1042 786 1119 repetite
804 1039 1005 1103 invocatione
1023 1043 1197 1103 obtestatur
1213 1042 1367 1103 lunonem

346 1170 405 1229 per
425 1171 512 1212 sacra
534 1165 569 1213 ut
594 1166 727 1230 annuat,
756 1152 913 1235 descripto
936 1155 1051 1218 affectu
1077 1155 1201 1236 puellae
1215 1152 1367 1216 disertius

347 1263 387 1325 ad
411 1265 599 1328 movertdam
622 1266 722 1330 deam.
771 1269 860 1331 Nihil
882 1268 975 1331 etiarn
996 1270 1047 1330 nic
1069 1268 1145 1347 fingi
1166 1280 1268 1348 potest
1291 1287 1366 1330 con-

346 1383 479 1444 cinnius.
522 1383 610 1445 Adde
634 1406 758 1448 carmen
780 1386 836 1456 IV,
853 1389 884 1447 5.
928 1384 1065 1467 Sulpicia
1084 1387 1118 1445 in
1140 1384 1286 1445 natalitiis
1305 1381 1366 1444 Ce-

342 1498 442 1557 rintlri
469 1511 544 1560 uota
573 1499 648 1560 facit
676 1520 735 1579 pro
768 1519 875 1561 amore
904 1519 974 1560 soe.
1032 1498 1137 1579 Atque
1167 1500 1202 1558 in
1231 1495 1364 1559 exordio

344 1615 469 1675 nuntiat
491 1627 632 1676 sanctum
653 1616 712 1676 sibi
739 1636 863 1695 semper
883 1627 916 1677 et
935 1614 1049 1677 festum
1072 1615 1158 1676 hunc
1181 1612 1279 1690 diem,
1309 1615 1366 1695 qui

342 1728 528 1791 Corinthum
555 1728 685 1791 dederit.
725 1728 834 1792 Media
856 1752 930 1813 pars
955 1730 1102 1792 carminis
1125 1751 1235 1812 preces
1259 1730 1363 1808 habet,

339 1846 507 1906 invocatur
528 1844 646 1907 Genius
670 1857 702 1906 et
722 1846 851 1921 Venus,
883 1856 920 1905 ut
940 1845 1066 1906 faveant
1088 1843 1138 1903 his
1162 1844 1277 1906 verbis.
1325 1844 1363 1903 In

341 1960 428 2021 exitu
458 1959 594 2042 denique
626 1960 780 2040 repetitur
810 1958 969 2022 invocatio
1001 1958 1131 2020 Natalis.
1188 1957 1240 2020 Sic
1269 1958 1361 2018 etiam

340 2076 434 2137 huius
456 2075 602 2136 carminis
623 2073 730 2136 eadem
750 2074 944 2152 compositio.
986 2072 1041 2133 Est
1060 2072 1095 2132 in
1114 2053 1258 2131 omnibus
1277 2070 1359 2129 clara

340 2190 496 2250 distinctio
525 2192 619 2250 trimn
652 2201 902 2269 momentorum,
939 2207 1074 2273 quorum
1103 2197 1253 2249 concentu
1283 2204 1357 2246 con-

338 2299 458 2362 tinetur
489 2303 592 2361 unitas
625 2302 750 2382 elegiae.
810 2303 981 2366 Videamus
998 2321 1094 2360 nunc
1120 2319 1245 2360 carmen
1270 2299 1301 2374 l,
1327 2306 1357 2358 7.

340 2413 427 2497 quod
457 2428 487 2476 et
513 2414 614 2495 ipsum
643 2418 830 2494 natalitium,
860 2416 914 2479 sed
940 2418 1032 2492 longe
1053 2413 1164 2474 mame.
1209 2411 1355 2472 Celebra-

338 2540 393 2587 tur
412 2529 480 2589 laus
502 2528 665 2591 Messalae.
706 2532 772 2592 Iam
796 2548 931 2612 quaero:
959 2528 1024 2590 Ubi
1045 2524 1085 2587 ad
1106 2524 1232 2587 laudem
1252 2527 1358 2605 magni

337 2642 399 2705 viri
420 2641 637 2705 celebrandam
663 2644 794 2706 natalitii
811 2642 882 2703 festi
904 2641 1230 2715 solemniacensem,
1262 2656 1357 2719 quem

337 2757 431 2835 vulgo
458 2769 607 2839 sequetur
632 2776 757 2820 cursum
783 2753 904 2836 elegia?
954 2753 1104 2821 Ordietur
1128 2776 1147 2816 a
1170 2754 1358 2815 salutatione

337 2867 399 2933 diei
406 2916 416 2948 ‚
448 2874 502 2953 qui
527 2874 623 2935 vitam
650 2869 736 2932 dedit
762 2872 817 2931 tuli
845 2874 932 2949 vire,
963 2885 1031 2932 tum
1057 2872 1151 2932 latius
1176 2869 1291 2931 diffissa
1317 2867 1357 2930 od

336 2985 566 3065 expositionem
590 2984 735 3047 disertam
755 2982 884 3045 laudum
906 2995 1032 3065 perget,
1054 2984 1091 3043 in
1111 2984 1201 3045 exitu
1222 2983 1355 3063 denique

334 3099 503 3160 contractis
528 3101 605 3161 velis
633 3111 707 3163 vota
735 3100 829 3160 faciet
853 3117 912 3178 pro
937 3097 1046 3158 futura
1068 3096 1224 3159 felicitate.
1276 3092 1356 3156 Vide

335 3232 420 3273 nunc
447 3211 620 3275 Tibullum.
676 3210 757 3274 Cum
785 3192 922 3273 Messala
947 3231 1051 3292 nuper
1077 3211 1149 3291 ipso
1181 3207 1232 3269 die
1260 3206 1357 3268 natali

333 3324 466 3389 fudisset
485 3329 660 3411 Aquitanos
680 3348 793 3409 magno
814 3328 954 3409 proelio,
976 3341 1071 3409 poeta
1089 3329 1125 3389 in
1144 3322 1275 3388 exordio
1293 3343 1354 3403 pro

333 3442 521 3520 generaliori
540 3442 633 3504 laude
651 3442 715 3504 diei
733 3446 835 3505 statim
855 3444 936 3506 hauc
954 3443 1118 3506 victoriam
1136 3440 1236 3519 ipsam
1254 3437 1353 3516 ponit,

334 3566 370 3613 ut
404 3555 539 3615 martimo
575 3557 740 3637 proprium
776 3559 931 3620 honorem
966 3571 998 3619 et
1033 3553 1250 3617 salutationem
1282 3549 1354 3613 diei.

333 3664 422 3743 Quae
441 3670 573 3750 pulchra
592 3671 732 3733 inventio
755 3687 819 3751 est3
843 3670 988 3753 specialia
1007 3667 1208 3739 substituere,
1230 3664 1287 3726 atu
1303 3684 1354 3728 res

331 3781 407 3858 fert,
427 3785 617 3860 generalr'ori
638 3785 757 3848 formae
781 3798 863 3847 amat
882 3782 996 3865 poesis.
1039 3776 1102 3842 Sed
1122 3776 1197 3862 quid
1215 3776 1355 3841 medium

333 3915 457 3957 carmen
481 3896 599 3979 habers?
643 3897 771 3961 Ceteras
792 3919 844 3959 res
864 3912 963 3978 gestas
981 3898 1058 3978 riri,
1082 3895 1147 3958 sive
1168 3898 1354 3959 remotiores

331 4008 440 4071 laudes
463 4017 572 4075 natalis
594 4013 668 4088 diei,
691 4014 834 4076 oratione
851 4036 936 4077 nunc
955 4015 988 4075 io
1009 4012 1193 4092 ampliorem
1208 4025 1354 4084 cenapum

331 4136 523 4189 transeunte.
567 4128 646 4188 Cum
667 4140 771 4190 autem
792 4130 826 4191 in
847 4130 1016 4191 maioribus
1036 4126 1140 4203 elegiis
1162 4119 1256 4198 uulgo
1276 4120 1353 4183 duas

1499 359 1501 512 l
