3009 4725
452 411 642 486 TIBULLI
679 410 768 485 LIB.
789 412 831 485 11.
852 425 881 487 4.

485 647 746 711 ELEGIA
787 649 846 713 IV.

190 788 282 920 Hie
306 838 394 914 mihi
420 837 592 911 servitium
614 836 714 911 video
736 835 981 941 dominamque
1007 861 1179 944 paratam:

246 975 319 1045 Iam
344 967 449 1056 mihi,
483 965 622 1040 libertas
649 965 707 1040 illa
732 984 895 1068 paterna,
927 969 1009 1044 vale.

197 1098 379 1173 Servitium
406 1094 467 1169 sed
489 1094 582 1168 triste
608 1094 728 1184 datur,
759 1113 942 1198 teneorque
969 1102 1113 1192 catenis,

252 1229 296 1301 Et
322 1253 498 1326 nunquam
523 1225 648 1298 misero
674 1223 786 1299 vincia
810 1226 949 1300 remittit
973 1228 1100 1322 Amor,

176 1359 247 1434 5Et
268 1386 329 1432 seu
355 1355 438 1457 quid
463 1355 575 1429 merui
598 1382 659 1429 seu
686 1355 771 1456 quid
796 1359 1028 1456 peccavimus,
1060 1362 1138 1439 urit.

245 1491 338 1562 Uror
358 1486 413 1561 io:
447 1510 602 1575 remove,
636 1512 735 1558 saeva
759 1484 889 1585 puella,
922 1487 1023 1564 saeos.

202 1616 233 1690 0
259 1645 322 1716 ego
342 1643 386 1691 ne
411 1615 541 1717 possim
564 1612 648 1688 tales
670 1616 795 1688 sentire
817 1613 970 1707 dolores,

254 1744 367 1842 Quam
392 1743 527 1818 mallem
553 1744 590 1818 in
617 1741 739 1843 gelidis
762 1744 936 1818 montibus
963 1773 1035 1821 osse
1061 1746 1169 1852 lapis,

200 1876 297 1948 Stare
323 1872 375 1947 vel
399 1873 528 1946 insanis
549 1890 663 1948 cautes
690 1871 839 1946 obnoxia
862 1874 990 1964 ventis,

160 2024 197 2079 10
254 2004 430 2102 Naufraga
456 2031 557 2103 quam
582 2003 667 2077 vasti
694 2001 854 2077 tunderet
877 2001 972 2076 unda
996 2002 1117 2079 maris!

197 2135 297 2208 Nunc
322 2151 354 2207 et
379 2161 495 2206 amara
520 2132 645 2207 dieser
666 2134 776 2207 noctis
800 2132 949 2206 amarior
969 2133 1092 2207 umbra
1113 2151 1182 2211 est:

249 2264 374 2338 Omnia
399 2291 480 2336 nam
508 2262 595 2335 tristi
621 2279 773 2362 temporo
800 2261 877 2336 selle
903 2262 1050 2340 madent.

202 2395 271 2467 Neo
295 2411 441 2494 prosunt
463 2392 549 2490 elegi
572 2420 636 2467 nec
662 2394 822 2467 carminis
848 2412 967 2468 auctor
989 2393 1131 2495 Apollo:

251 2520 313 2595 ltta
339 2551 419 2595 rara
440 2521 587 2622 pretium
611 2520 742 2620 flagitat
766 2549 874 2622 usque
900 2552 1014 2598 manu.

163 2652 255 2725 mlle
280 2649 418 2752 procul,
449 2652 586 2741 Musae,
612 2652 641 2725 si
668 2679 738 2725 non
764 2650 935 2752 prodestis
962 2654 1106 2727 amanti:

250 2782 329 2854 Non
354 2807 417 2880 ego
443 2808 519 2870 ros,
552 2798 589 2854 ut
617 2779 686 2853 sint
706 2776 796 2853 belia
820 2777 992 2865 canenda,
1025 2778 1117 2867 colo,

196 2912 268 2985 Nec
294 2910 404 2984 resero
430 2909 580 3009 solisque
605 2910 678 2982 vias
704 2926 736 2982 ot
760 2906 888 3010 qualis,
922 2904 983 2978 ubi
1009 2904 1127 2977 orbem

254 3038 458 3141 complevit,
483 3039 589 3113 versis
614 3039 715 3113 Luna
740 3036 886 3111 recurrit
911 3031 1017 3135 equis.

204 3165 262 3239 Ad
288 3167 462 3242 dominam
492 3166 609 3241 faciles
635 3166 749 3240 aditus
783 3194 844 3267 per
866 3161 1017 3238 carmina
1041 3186 1185 3260 quaero:

161 3309 201 3363 20
258 3299 307 3369 Ite
332 3295 472 3399 procui,
504 3297 646 3387 Musae,
679 3296 709 3369 si
735 3293 821 3368 nihil
848 3294 911 3367 ista
937 3287 1056 3363 valent.

235 3520 267 3571 V.
277 3523 303 3573 4.
328 3521 458 3588 Vorrmr,
484 3523 529 3589 qut
552 3532 684 3591 saepem
705 3538 744 3592 pr.
763 3530 790 3572 et
811 3521 880 3574 mato
900 3519 991 3584 infert,
1017 3516 1058 3571 hio
1078 3512 1187 3570 mutavit

74 3662 78 3671 .
161 3620 262 3669 temero
278 3616 329 3670 Et·
339 3621 366 3673 in
388 3621 442 3685 Ut,
462 3626 490 3673 et
508 3621 661 3674 romttttt
678 3621 704 3673 to
723 3618 854 3671 remittat.
891 3617 965 3670 Cont.
978 3615 1186 3686 Exptioottonom

160 3712 195 3765 ad
217 3714 245 3779 1,
263 3718 296 3781 2,
313 3719 358 3768 8⁰.
373 3741 408 3755 -
452 3717 484 3771 V.
496 3724 522 3771 7.
547 3719 675 3785 possim
699 3718 799 3786 optimi·
836 3717 886 3768 Atii
907 3734 1026 3784 possem,
1050 3731 1168 3782 possum.

234 3813 267 3867 V.
279 3817 321 3865 12.
339 3830 412 3868 nom
430 3814 490 3868 tibrt
509 3817 609 3885 optimi.
646 3816 822 3869 Vmorrrws
840 3815 961 3866 Bmov.
976 3816 1001 3866 in
1017 3828 1088 3880 spec.
1103 3810 1186 3862 doctr.

161 3913 194 3973 4,
214 3914 273 3965 138.
297 3930 386 3979 nunc3
416 3913 496 3967 lrrm
521 3916 688 3969 coniecerunt
712 3913 783 3979 iam,
812 3914 880 3980 quod
906 3917 985 3979 rotgo
1010 3915 1151 3977 receptum.

234 4008 267 4061 V.
282 4013 324 4060 15.
350 4025 416 4065 nou
441 4012 501 4065 tibrt
527 4013 645 4081 plurimi,
678 4027 727 4063 neo
755 4028 832 4064 coum
858 4012 950 4063 idoneo
977 4014 1017 4061 est
1044 4020 1124 4073 quare
1149 4002 1190 4056 nit

160 4110 310 4171 reponatur.
328 4134 365 4147 -
410 4109 443 4161 V.
457 4113 500 4162 1⁸.
528 4111 616 4177 Vutgo
642 4117 765 4161 recurrat
789 4124 824 4161 ex
848 4108 922 4160 tibris
945 4105 1115 4175 interpolatis.

879 4201 900 4265 4
