3009 4725
447 492 451 498 .
495 436 604 500 Llssll.
630 438 653 500 l.
699 439 820 506 ELEG.
846 445 900 507 lll.
1178 461 1233 518 83.

192 624 222 668 ut
245 630 297 667 nou
322 629 337 664 a
361 611 478 680 propiori
501 610 534 663 ad
560 611 713 677 remotiora,
739 614 786 664 sed
811 630 828 665 a
852 618 1033 670 remotioribus
1058 619 1091 672 ad
1111 624 1216 691 propius

193 719 315 785 pergeret
338 711 440 777 oratio,
464 718 543 778 atque
562 711 598 762 ita
616 711 751 763 commode
770 713 924 767 succederet
950 715 1134 785 epiphonema:
1159 722 1215 782 illic
1250 775 1255 786 ,

191 819 225 870 ait
248 816 395 884 quicunqne
419 827 492 865 meos
518 812 623 865 uiolauit
640 812 757 864 amores!
795 812 871 866 Nunc
890 821 974 868 antem
999 819 1065 871 alius
1082 820 1147 873 ordo
1165 838 1216 873 uo-

190 919 286 970 minum
306 915 431 980 babetur,
458 919 486 965 et
504 917 582 982 poeta
600 927 660 964 cum
677 911 796 965 Ixionem
814 915 839 965 in
859 917 985 984 principio
1007 923 1139 988 posuerit,
1165 920 1214 975 boc

190 1015 270 1068 modo
294 1012 371 1066 simul
396 1010 559 1078 sequentium
586 1025 672 1062 rerum
696 1025 800 1063 sensum
826 1017 853 1064 et
878 1015 1004 1070 tationem
1021 1020 1133 1073 iudicare
1151 1039 1214 1076 ceu·

191 1113 289 1166 sendus
307 1117 355 1176 est,
373 1126 440 1178 quae
457 1111 508 1162 iarn
523 1109 555 1163 ad
573 1110 642 1161 idem
655 1112 789 1164 consilium
805 1114 965 1168 revocandae
980 1126 1047 1169 sunt·
1083 1123 1118 1172 ut
1137 1123 1213 1188 enim,

194 1212 317 1276 obiicias,
342 1226 394 1263 uun
417 1209 573 1263 conveniunt
597 1212 696 1277 omnia,
722 1217 802 1279 atque
825 1219 854 1266 ut
871 1214 944 1281 Tityi
969 1220 1044 1288 culpa
1064 1223 1154 1275 similis
1170 1226 1212 1291 sit,

192 1313 319 1366 Tantalus
336 1319 408 1366 certe
425 1313 452 1365 in
469 1311 522 1365 alio
538 1327 635 1379 genere
653 1313 780 1380 peccarit.
816 1314 915 1382 Recte3
934 1334 1014 1385 quare
1032 1338 1082 1390 ego
1098 1340 1143 1377 eos
1159 1341 1211 1379 uon

191 1420 299 1484 propter
315 1414 422 1466 crimina
439 1430 507 1480 quae
526 1418 596 1465 tacet
615 1418 693 1481 poeta
711 1421 739 1466 et
755 1430 806 1467 non
823 1423 905 1481 curat,
923 1420 970 1470 sed
988 1428 1097 1490 propter
1114 1439 1212 1491 poenas
1232 1475 1240 1492 ,

192 1514 293 1567 additos
311 1530 420 1571 censeo,
447 1528 513 1581 quas
531 1511 671 1580 patiuntur.
708 1511 810 1581 Nempe
828 1510 877 1566 boc
902 1522 942 1568 est
963 1518 1034 1584 quod
1052 1520 1131 1574 dicits
1155 1525 1212 1573 Im-

190 1631 287 1683 precor
303 1610 435 1665 rivalibus
450 1609 555 1662 Ixionis
573 1609 741 1679 corruptoris
753 1627 883 1679 poenum,
900 1622 951 1662 cut
973 1616 1050 1679 Tityi
1070 1620 1214 1672 Tantalivae

194 1710 348 1769 cruciatur,
373 1710 421 1782 qui
445 1728 498 1762 non
521 1710 610 1762 minus
636 1710 670 1762 iis
689 1710 868 1765 convenirent.
905 1714 983 1768 Quod
1009 1730 1041 1767 ne
1065 1717 1141 1772 inane
1165 1722 1214 1774 tibi

194 1808 313 1861 rideatur
329 1808 443 1873 verbum,
461 1809 595 1861 considera
612 1824 714 1862 mecum
732 1806 779 1861 bas
797 1824 904 1877 poenas.
940 1811 1016 1865 lsiou
1034 1824 1107 1869 rutae
1124 1820 1212 1886 illiga-

194 1912 236 1959 tus
252 1914 368 1960 uersatur
383 1915 519 1976 perpetuu,
537 1913 567 1960 ut
586 1922 662 1975 quem
680 1908 775 1959 amoris
795 1921 873 1961 curae
891 1909 993 1961 assidue
1012 1922 1122 1981 versant,
1141 1916 1211 1981 qnod

193 2014 234 2061 est
253 1995 425 2079 srpiprodu'r,
453 2009 591 2060 δονεῖσθαι
614 2010 735 2075 Graece,
762 2008 795 2061 ci.
815 2008 848 2061 ad
866 2009 887 2076 Ι,
905 2015 931 2077 5,
948 2014 974 2064 3.
1011 2013 1057 2066 Sic
1080 2014 1211 2069 Pusuuus

193 2109 293 2162 cistett.
313 2109 347 2176 ii,
366 2114 391 2175 l,
408 2114 442 2163 4..
454 2109 530 2163 dicit:
561 2110 657 2167 iactor,
676 2109 788 2167 crucior,
807 2109 906 2181 agitor,
924 2110 1055 2168 stimulor,
1074 2131 1165 2165 uersor
1182 2114 1212 2164 iu

194 2203 293 2259 umoris
310 2216 372 2258 roto
390 2207 477 2260 uiiser.
515 2209 599 2261 Porro
616 2208 704 2262 sedem
731 2209 872 2262 affectuum
897 2215 924 2262 et
948 2211 1117 2280 cupiditatum
1140 2214 1213 2264 iecur

195 2305 331 2375 (Lausus.
350 2306 383 2359 ad
401 2305 496 2359 Horat.
512 2305 535 2373 l,
552 2307 593 2374 13,
606 2310 631 2359 4.
650 2306 697 2373 lv,
713 2310 738 2372 1,
757 2311 799 2364 12.
817 2308 995 2361 Mrrscuunn.
1013 2309 1047 2362 ad
1063 2309 1111 2377 lll,
1129 2314 1154 2376 4,
1168 2315 1213 2364 ri.

194 2407 300 2463 Vnncs.
318 2407 351 2458 ad
369 2406 460 2475 Eurlp.
479 2406 586 2475 Hippoi.
605 2404 700 2473 lotii.)
718 2406 827 2473 Tityus,
846 2410 949 2474 quoties
967 2410 991 2462 ei
1008 2410 1150 2473 succrevit,
1171 2414 1212 2460 to-

194 2506 244 2557 ties
256 2505 418 2572 absumptura
434 2503 520 2571 babet,
538 2511 566 2557 et
583 2504 626 2556 siti
643 2503 795 2572 inexplebili
812 2505 912 2559 laborat
926 2506 1060 2561 Tantalus,
1096 2508 1136 2560 De
1153 2509 1213 2574 qui-

195 2601 245 2657 bus
274 2603 350 2656 rebus
379 2601 485 2672 pulcbre
510 2605 576 2657 dixit
603 2606 780 2659 Wuucusnus
808 2620 881 2657 meus
905 2607 932 2657 in
958 2606 1025 2659 libro
1050 2608 1084 2660 de
1111 2608 1214 2676 Trilog.

195 2703 315 2771 Aesebyb
335 2721 361 2773 p.
380 2708 443 2758 651.
478 2705 546 2757 Sunt
570 2705 651 2771 igitur
675 2705 823 2773 aptissimae
848 2702 897 2756 liae
920 2719 1021 2772 poenae
1039 2694 1128 2759 omnes
1152 2725 1213 2762 cor-

193 2806 343 2875 ruptoribus
363 2806 456 2859 Deliae
480 2806 641 2872 libidinosis,
669 2821 735 2872 qnos
752 2818 802 2874 par
819 2810 860 2855 est
877 2803 971 2871 agitari
989 2809 1016 2855 et
1034 2806 1143 2857 cruciari
1161 2809 1214 2873 siti,

193 2908 343 2975 desideriis,
361 2907 564 2977 cupiditatibus,
582 2907 731 2959 libidinibus
748 2921 878 2972 nunquam
896 2905 1055 2957 cessantibus
1074 2906 1211 2971 atquibus

193 3008 264 3060 nullo
278 3014 396 3076 tempore
414 3007 532 3073 satisfiat,
550 3013 580 3059 ut
599 3008 738 3074 puniuntur
756 3002 971 3072 quemadmodum
987 3009 1136 3071 peccarunt.
1172 3006 1212 3057 alc

194 3104 295 3161 docebo
312 3109 431 3162 similiter
447 3109 506 3177 plus
523 3108 604 3160 semel
623 3084 848 3175 insequentibus,
866 3121 1007 3176 poenarum
1023 3105 1105 3157 minas
1124 3105 1212 3157 crimi-

195 3221 257 3258 num
282 3208 374 3260 rationi
397 3205 589 3259 accommodari
614 3207 757 3273 ingeniose.
794 3207 883 3262 Quare
907 3207 1005 3274 optime
1027 3201 1069 3255 bic
1094 3202 1213 3256 omnia·

195 3304 302 3357 Tibullo
320 3307 405 3373 posita
423 3310 491 3357 sunt·
526 3304 622 3357 Restat
640 3305 752 3372 denique
770 3312 799 3357 ut
815 3306 848 3358 de
865 3304 1023 3357 Danaidibus
1041 3302 1147 3355 verbum
1166 3303 1214 3355 ad-

195 3402 273 3468 dam,
301 3418 366 3470 quas
390 3402 498 3456 feminas
522 3421 574 3457 non
598 3421 656 3458 esse
680 3412 787 3475 propter
805 3406 897 3457 rivales
919 3405 984 3457 istos
1001 3411 1213 3458 commemoratas

194 3519 242 3574 per
260 3521 291 3558 se
308 3509 390 3573 patet.
425 3504 479 3557 Sed
497 3512 527 3557 ut
544 3505 689 3558 Hoasuurs
705 3505 757 3557 0d.
771 3502 819 3569 lll,
834 3506 876 3556 ll.
895 3503 921 3555 in
933 3501 1022 3569 Lydes
1040 3488 1213 3557 admonitione

121 3586 128 3592 ’
193 3612 295 3659 amatae
314 3603 363 3658 boc
381 3607 502 3673 exemplo
520 3607 617 3669 utitur,
641 3604 679 3657 sic
697 3619 765 3656 nuuc
788 3620 803 3654 a
821 3600 926 3654 Tibullo
944 3603 1045 3656 Deliam
1063 3609 1127 3672 puta
1143 3610 1215 3658 tecte

195 3704 339 3771 leniterque
357 3705 474 3771 moneri,
498 3722 564 3773 quae
582 3706 635 3758 ista
655 3711 773 3758 maneam
791 3704 881 3771 culpas
904 3704 1047 3770 puellarum
1069 3705 1147 3757 etiam
1165 3705 1214 3756 sub

195 3803 274 3858 Orco.
324 3804 527 3860 Accommodata
551 3808 618 3860 enim
643 3806 697 3859 visa
722 3810 762 3857 est
786 3801 851 3867 haec
874 3818 958 3871 poena
984 3804 1085 3872 puellae
1111 3801 1214 3865 infidae,

194 3917 262 3970 quae
280 3911 413 3973 postremo
432 3906 536 3960 servilia
555 3922 661 3961 munera
678 3904 861 3959 molestissima
876 3903 964 3956 subire
981 3900 1077 3965 debet,
1104 3904 1133 3950 ut
1151 3898 1216 3949 alias

193 4009 375 4069 paupertatem
399 4012 428 4059 iu
451 4014 587 4061 senectute
612 4013 640 4060 et
657 4007 731 4059 lanae
749 4006 880 4087 opificium
903 4003 937 4055 ad
956 4001 1035 4054 vitam
1052 3997 1215 4052 tolerandam

192 4103 291 4155 talibus
308 4106 401 4172 puell'u
418 4107 561 4179 praedicit,
579 4107 614 4163 ci.
632 4108 654 4175 1,
672 4112 699 4173 6,
717 4108 761 4162 tin.
797 4108 838 4160 De
856 4102 1016 4158 Danaidibus
1035 4099 1069 4153 ci.
1087 4099 1169 4152 0r1n.
1187 4097 1215 4149 in

189 4198 257 4256 ibid·
276 4208 349 4259 aaa:
376 4208 509 4279 Quasque
523 4224 624 4279 parare
641 4206 700 4261 suis
718 4207 802 4261 letum
816 4201 991 4278 patruelibus
1009 4216 1093 4255 ausae
1110 4180 1221 4250 Belides*

860 4296 932 4364 ,6,
