3009 4725
367 412 448 458 exau
780 392 838 456 DE
859 391 980 460 POESI

366 564 447 629 miro
462 562 603 628 acumine
618 561 831 647 undequaque
849 562 935 636 ducit
951 563 1108 633 Tibullus.
1149 570 1239 654 Adde
1255 572 1390 663 denique

289 735 291 738 ,
365 676 444 740 ibid.
459 679 515 756 lv,
529 682 560 737 3.
588 697 704 740 novam
733 676 828 739 totius
854 680 1026 742 sententiae
1047 680 1236 750 divisionem
1265 712 1317 754 vv.
1340 714 1391 754 oa·

363 798 434 871 gari
451 803 482 852 et
506 793 686 852 concumbere
707 802 854 854 notatum.
875 824 920 839 -
953 794 1126 857 Veniamus
1147 819 1232 862 nune
1254 801 1293 864 ad
1313 806 1390 886 Lyg-

365 906 502 981 damum,
526 900 611 984 apud
634 923 729 985 quem
748 902 979 985 propemodum
1001 908 1081 970 nibil
1100 909 1280 975 huiusmodi
1300 915 1389 978 inue-

365 1016 444 1078 nies.
487 1015 674 1097 Lygdamus·
691 1016 879 1097 amplificare
901 1029 1051 1095 amat,·ut
1070 997 1193 1103 ⁸ubique
1214 1022 1320 1088 videas
1337 1048 1388 1089 re·

364 1129 514 1212 petitione
537 1128 676 1191 eiusdem
698 1130 886 1208 sententiae3
919 1130 988 1198 hoe·
1006 1152 1084 1196 vero
1107 1133 1238 1197 artifieio
1260 1138 1388 1202 minime

366 1261 489 1321 semper
509 1235 592 1302 recle
617 1243 728 1317 utitur,
752 1239 806 1301 sed
829 1243 953 1322 saepius
978 1256 1043 1305 tam
1063 1247 1183 1326 inepte,
1203 1260 1239 1309 ut
1261 1248 1299 1311 ad
1321 1264 1388 1312 tae·

366 1351 453 1416 dium
466 1373 565 1435 usque
578 1356 713 1414 cumulet
726 1351 820 1416 idem.
848 1353 931 1416 Vide
946 1354 1041 1419 modo
1054 1358 1130 1419 haec
1145 1359 1198 1436 111,
1210 1360 1239 1436 4,
1251 1366 1290 1421 85
1301 1383 1387 1446 sqq:

449 1464 533 1526 Nom
554 1476 584 1525 te
609 1486 665 1525 nec
687 1464 768 1539 ¹uasti
787 1481 965 1546 genuerunt
987 1490 1125 1552 aequora
1146 1470 1252 1550 ponti,

490 1577 558 1640 Nec
577 1575 734 1639 flammam
756 1582 885 1642 volvens
907 1602 961 1643 ore
981 1580 1146 1644 Chimaera
1169 1584 1256 1661 lero,

448 1689 516 1753 Nee
538 1693 622 1752 canis
645 1689 801 1770 anguinea
822 1691 983 1756 redimitus
1006 1707 1094 1775 terga
1114 1711 1254 1776 caterva,

495 1801 556 1863 Cui
576 1815 640 1864 tres
664 1816 737 1865 sunt
760 1806 884 1885 linguae
907 1810 1176 1892 tergeminumque
1198 1821 1305 1891 ceput,
1361 1799 1364 1804 ¹

451 1911 618 1997 Scyllaque
639 1915 813 1995 virgineam
834 1919 964 1983 canibus
987 1895 1147 1986 succincta,
1162 1924 1309 2002 liguram,

491 2026 559 2089 Nec
580 2040 611 2090 te
635 2044 818 2112 conceptam
840 2051 933 2096 saeva
953 2036 1064 2095 leaena
1083 2036 1169 2111 tulit,

447 2141 590 2204 Barbara
611 2164 670 2203 nee
691 2142 839 2226 Scythiae
858 2147 950 2207 tellus
973 2144 1172 2208 horrendaue
1193 2140 1304 2225 Syrtis.

364 2252 513 2315 Eiusdem
534 2259 676 2335 perversi
696 2256 805 2321 iudicii
825 2271 872 2319 est
892 2258 1086 2320 enumeratio
1107 2259 1200 2334 longa
1225 2255 1386 2332 scelerum,

364 2388 447 2448 quae
466 2390 532 2429 non
552 2369 712 2432 admiserit
730 2371 790 2446 Ill,
809 2376 838 2447 5,
857 2372 963 2432 7,-14.
990 2366 1076 2451 (cum
1098 2388 1163 2451 quo
1183 2369 1254 2430 loco
1277 2367 1388 2429 confer

365 2483 526 2543 Tibullum
543 2484 574 2560 1,
596 2492 633 2560 3,
650 2490 701 2544 51.
717 2489 768 2544 52.
790 2482 908 2571 optime
930 2483 1011 2543 intra
1035 2483 1137 2545 iustos
1157 2483 1236 2544 fines
1258 2502 1291 2542 se
1311 2502 1388 2543 con·

363 2593 543 2675 timentem),
565 2609 724 2679 postremo
746 2609 812 2659 tota
833 2596 930 2677 elegia
949 2596 1058 2676 tertia,
1079 2596 1136 2660 ubi
1156 2594 1388 2679 propemodum

363 2710 482 2792 ubique
499 2712 652 2791 repetitur
664 2709 757 2791 idem,
776 2709 898 2775 divitias
915 2732 948 2772 se
965 2723 1163 2779 contemnere
1179 2732 1256 2792 prae
1272 2730 1388 2773 amore.
1418 2692 1431 2710 ⁶

362 2823 447 2885 Haec
469 2823 563 2904 igitur
592 2826 672 2885 mala
703 2837 792 2900 sunt,
822 2825 884 2886 alia
912 2826 978 2886 sine
1000 2825 1094 2900 vitio,
1129 2825 1285 2904 elegantes
1310 2842 1386 2886 vero

362 2936 475 2999 modos
495 2936 751 3018 amplificationis,
775 2937 883 3018 quales
904 2935 986 3018 apud
1000 2937 1210 3018 Propertium,
1232 2955 1388 3018 nusquam

363 3049 467 3113 video.
509 3052 615 3131 Atque
644 3048 720 3109 haec
746 3046 785 3109 de
807 3050 867 3110 his.
916 3048 1119 3112 DivisIonum
1148 3069 1224 3111 vero
1255 3068 1305 3108 ars
1333 3047 1389 3108 Ti·

362 3166 521 3241 bulliana‚
545 3176 579 3226 ut
599 3165 662 3225 iam
681 3185 777 3244 supra
799 3162 879 3241 dixi,
907 3167 994 3227 abest
1016 3167 1055 3227 ab
1078 3168 1218 3227 oratione
1234 3161 1390 3245 Lygdami

364 3271 507 3357 (omniuo
528 3296 661 3358 perraro
684 3276 785 3338 utitur
802 3274 963 3339 divisione.
1006 3272 1101 3352 Quod
1120 3277 1218 3353 111,2.
1238 3276 1318 3338 ritus
1339 3296 1389 3337 se·

362 3391 517 3468 pulcrales
539 3411 598 3471 per
617 3402 723 3472 partes
745 3401 983 3466 enumerantur,
1014 3392 1156 3472 profecto
1177 3391 1211 3451 in
1235 3409 1275 3450 eo
1293 3406 1388 3449 nemo

362 3503 427 3564 rim
440 3502 559 3563 Tibulli
580 3502 694 3565 viderit
708 3503 826 3585 ubique
851 3515 882 3564 et
899 3503 931 3563 in
946 3505 1032 3564 omni
1047 3524 1083 3564 re
1104 3501 1273 3564 divisiones
1289 3519 1390 3560 mem-

363 3618 494 3677 brorum
521 3615 667 3676 facillime
688 3611 910 3698 invenientis);
943 3635 1023 3696 quae
1043 3634 1094 3674 res
1115 3624 1177 3672 tam
1201 3625 1309 3692 aperta
1333 3624 1390 3690 eet,

363 3741 399 3789 ut
420 3730 489 3788 iure
517 3727 640 3789 mireris
671 3751 735 3791 non
760 3714 1012 3792 animadvertisse
1044 3746 1114 3804 eos,
1146 3728 1205 3810 qui
1224 3726 1389 3788 Tibullum

362 3857 521 3906 auctorem
531 3845 624 3907 buius
634 3845 894 3908 libribnbuerunt
904 3860 934 3908 et
943 3848 1069 3909 habent.
1091 3846 1387 3908 Planenonlaetutn

364 3970 430 4018 eret
441 3958 535 4020 huius
547 3972 656 4038 poetae
671 3959 831 4035 ingenium
847 3958 887 4019 ad
897 3963 979 4022 hanc
993 3961 1127 4022 iormam
1144 3965 1311 4019 nervosam
1321 3958 1390 4018 elo-

363 4070 496 4132 cutionis
514 4068 699 4150 fingendam,
719 4071 775 4151 qui
790 4073 917 4134 omnino
931 4074 962 4137 si
976 4075 1075 4134 multo
1084 4071 1217 4131 inferior
1228 4083 1274 4132 eet
1284 4070 1388 4132 Albio.
